%% This BibTeX bibliography file was created using BibDesk.
%% http://bibdesk.sourceforge.net/


%% Created for Alexander Maringele at 2019-02-06 20:23:55 +0100 


%% Saved with string encoding Unicode (UTF-8) 


@string{aaecc = {Applicable Algebra in Engineering, Communication and Computing}}

@string{entcs = {Electronic Notes in Theoretical Computer Science}}

@string{fi = {Fundamenta Informaticae}}

@string{ic = {Information and Computation}}

@string{ipl = {Information Processing Letters}}

@string{jar = {Journal of Automated Reasoning}}

@string{jsc = {Journal of Symbolic Computation}}

@string{lnai = {LNAI}}

@string{lncs = {LNCS}}

@string{tcs = {Theoretical Computer Science}}


@book{books/el/RobinsonV01,
	Added-At = {2002-01-03T00:00:00.000+0100},
	Biburl = {https://www.bibsonomy.org/bibtex/28aef1367195765176105bafbeb1845aa/dblp},
	Date = {2002-01-03},
	Date-Added = {2019-02-06 08:15:44 +0100},
	Date-Modified = {2019-02-06 08:15:44 +0100},
	Description = {dblp},
	Editor = {Robinson, John Alan and Voronkov, Andrei},
	Interhash = {d4713f908131a5d5eef9d5fbfcf81fee},
	Intrahash = {8aef1367195765176105bafbeb1845aa},
	Isbn = {0-262-18223-8},
	Keywords = {dblp},
	Publisher = {Elsevier and MIT Press},
	Timestamp = {2002-01-03T00:00:00.000+0100},
	Title = {Handbook of Automated Reasoning (in 2 volumes)},
	Url = {http://dblp.uni-trier.de/db/books/collections/RobinsonV01.html},
	Year = 2001,
	Bdsk-Url-1 = {http://dblp.uni-trier.de/db/books/collections/RobinsonV01.html}}

@article{turing1937,
	Author = {Turing A. M.},
	Date-Added = {2018-06-19 08:07:24 +0000},
	Date-Modified = {2018-06-19 08:07:51 +0000},
	Doi = {10.1112/plms/s2-42.1.230},
	Eprint = {https://londmathsoc.onlinelibrary.wiley.com/doi/pdf/10.1112/plms/s2-42.1.230},
	Journal = {Proceedings of the London Mathematical Society},
	Number = {1},
	Pages = {230-265},
	Title = {On Computable Numbers, with an Application to the Entscheidungsproblem},
	Url = {https://londmathsoc.onlinelibrary.wiley.com/doi/abs/10.1112/plms/s2-42.1.230},
	Volume = {s2-42},
	Bdsk-Url-1 = {https://londmathsoc.onlinelibrary.wiley.com/doi/abs/10.1112/plms/s2-42.1.230},
	Bdsk-Url-2 = {https://doi.org/10.1112/plms/s2-42.1.230}}

@article{church_1936,
	Author = {Church, Alonzo},
	Date-Added = {2018-06-19 08:04:16 +0000},
	Date-Modified = {2018-06-19 08:04:16 +0000},
	Doi = {10.2307/2269326},
	Journal = {Journal of Symbolic Logic},
	Number = {1},
	Pages = {40--41},
	Publisher = {Cambridge University Press},
	Title = {A note on the Entscheidungsproblem},
	Volume = {1},
	Year = {1936},
	Bdsk-Url-1 = {https://doi.org/10.2307/2269326}}

@article{Goedel1930,
	Author = {G{\"o}del, Kurt},
	Date-Added = {2018-06-19 07:52:13 +0000},
	Date-Modified = {2018-06-19 07:58:50 +0000},
	Day = {01},
	Doi = {10.1007/BF01696781},
	Issn = {1436-5081},
	Journal = {Monats\-hefte f{\"u}r Mathematik und Physik},
	Month = {Dec},
	Number = {1},
	Pages = {349--360},
	Title = {{D}ie {V}ollst{\"a}ndigkeit der {A}xiome des logischen {F}unktionenkalk{\"u}ls},
	Url = {https://doi.org/10.1007/BF01696781},
	Volume = {37},
	Year = {1930},
	Bdsk-Url-1 = {https://doi.org/10.1007/BF01696781}}

@article{Baaz:1994:SPC:2383418.2383422,
	Acmid = {2383422},
	Address = {Amsterdam, The Netherlands, The Netherlands},
	Author = {Baaz, Matthias and Leitsch, Alexander},
	Date-Added = {2018-04-30 05:15:33 +0000},
	Date-Modified = {2018-04-30 05:15:33 +0000},
	Issn = {0169-2968},
	Issue_Date = {December 1994},
	Journal = {Fundam. Inf.},
	Month = dec,
	Number = {4},
	Numpages = {27},
	Pages = {353--379},
	Publisher = {IOS Press},
	Title = {On Skolemization And Proof Complexity},
	Url = {http://dl.acm.org/citation.cfm?id=2383418.2383422},
	Volume = {20},
	Year = {1994},
	Bdsk-Url-1 = {http://dl.acm.org/citation.cfm?id=2383418.2383422}}

@inproceedings{10.1007/978-3-319-40229-1_23,
	Abstract = {We analyze the performance of various clause selection heuristics for saturating first-order theorem provers. These heuristics include elementary first-in/first-out and symbol counting, but also interleaved heuristics and a complex heuristic with goal-directed components.},
	Address = {Cham},
	Author = {Schulz, Stephan and M{\"o}hrmann, Martin},
	Booktitle = {Automated Reasoning},
	Date-Added = {2018-03-29 09:04:51 +0000},
	Date-Modified = {2018-03-29 09:04:51 +0000},
	Editor = {Olivetti, Nicola and Tiwari, Ashish},
	Isbn = {978-3-319-40229-1},
	Pages = {330--345},
	Publisher = {Springer International Publishing},
	Title = {Performance of Clause Selection Heuristics for Saturation-Based Theorem Proving},
	Year = {2016}}

@article{Wos:1965:ECS:321296.321302,
	Acmid = {321302},
	Address = {New York, NY, USA},
	Author = {Wos, Lawrence and Robinson, George A. and Carson, Daniel F.},
	Date-Added = {2018-03-29 08:54:31 +0000},
	Date-Modified = {2018-03-29 08:54:31 +0000},
	Doi = {10.1145/321296.321302},
	Issn = {0004-5411},
	Issue_Date = {Oct. 1965},
	Journal = {J. ACM},
	Month = oct,
	Number = {4},
	Numpages = {6},
	Pages = {536--541},
	Publisher = {ACM},
	Title = {Efficiency and Completeness of the Set of Support Strategy in Theorem Proving},
	Url = {http://doi.acm.org/10.1145/321296.321302},
	Volume = {12},
	Year = {1965},
	Bdsk-Url-1 = {http://doi.acm.org/10.1145/321296.321302},
	Bdsk-Url-2 = {https://doi.org/10.1145/321296.321302}}

@incollection{Bachmair200119,
	Address = {Amsterdam},
	Author = {Leo Bachmair and Harald Ganzinger and David McAllester and Christopher Lynch},
	Booktitle = {Handbook of Automated Reasoning},
	Date-Added = {2018-03-23 10:12:38 +0000},
	Date-Modified = {2018-03-23 10:12:38 +0000},
	Doi = {https://doi.org/10.1016/B978-044450813-3/50004-7},
	Editor = {Robinson, Alan and , and Voronkov, Andrei},
	Isbn = {978-0-444-50813-3},
	Pages = {19 - 99},
	Publisher = {North-Holland},
	Series = {Handbook of Automated Reasoning},
	Title = {Chapter 2 - Resolution Theorem Proving},
	Url = {https://www.sciencedirect.com/science/article/pii/B9780444508133500047},
	Year = {2001},
	Bdsk-Url-1 = {https://www.sciencedirect.com/science/article/pii/B9780444508133500047},
	Bdsk-Url-2 = {https://doi.org/10.1016/B978-044450813-3/50004-7}}

@article{bennett1973,
	Author = {Bennett, David W.},
	Date-Added = {2018-03-23 08:02:40 +0000},
	Date-Modified = {2018-03-23 08:02:40 +0000},
	Doi = {10.1305/ndjfl/1093891017},
	Fjournal = {Notre Dame Journal of Formal Logic},
	Journal = {Notre Dame J. Formal Logic},
	Month = {07},
	Number = {3},
	Pages = {430--432},
	Publisher = {Duke University Press},
	Title = {An elementary completeness proof for a system of natural deduction.},
	Url = {https://doi.org/10.1305/ndjfl/1093891017},
	Volume = {14},
	Year = {1973},
	Bdsk-Url-1 = {https://doi.org/10.1305/ndjfl/1093891017}}

@proceedings{DBLP:conf/cade/2016,
	Bibsource = {dblp computer science bibliography, https://dblp.org},
	Biburl = {https://dblp.org/rec/bib/conf/cade/2016},
	Date-Added = {2018-03-21 13:33:27 +0000},
	Date-Modified = {2018-03-21 13:33:27 +0000},
	Doi = {10.1007/978-3-319-40229-1},
	Editor = {Nicola Olivetti and Ashish Tiwari},
	Isbn = {978-3-319-40228-4},
	Publisher = {Springer},
	Series = {Lecture Notes in Computer Science},
	Timestamp = {Sun, 21 May 2017 00:17:18 +0200},
	Title = {Automated Reasoning - 8th International Joint Conference, {IJCAR} 2016, Coimbra, Portugal, June 27 - July 2, 2016, Proceedings},
	Url = {https://doi.org/10.1007/978-3-319-40229-1},
	Volume = {9706},
	Year = {2016},
	Bdsk-Url-1 = {https://doi.org/10.1007/978-3-319-40229-1}}

@inproceedings{DBLP:conf/cade/SchulzM16,
	Author = {Stephan Schulz and Martin M{\"{o}}hrmann},
	Bibsource = {dblp computer science bibliography, https://dblp.org},
	Biburl = {https://dblp.org/rec/bib/conf/cade/SchulzM16},
	Booktitle = {Automated Reasoning - 8th International Joint Conference, {IJCAR} 2016, Coimbra, Portugal, June 27 - July 2, 2016, Proceedings},
	Date-Added = {2018-03-21 13:24:01 +0000},
	Date-Modified = {2018-03-21 13:24:01 +0000},
	Doi = {10.1007/978-3-319-40229-1_23},
	Editor = {Nicola Olivetti and Ashish Tiwari},
	Pages = {330--345},
	Publisher = {Springer},
	Series = {Lecture Notes in Computer Science},
	Timestamp = {Sun, 21 May 2017 00:17:18 +0200},
	Title = {Performance of Clause Selection Heuristics for Saturation-Based Theorem Proving},
	Url = {https://doi.org/10.1007/978-3-319-40229-1_23},
	Volume = {9706},
	Year = {2016},
	Bdsk-File-1 = {YnBsaXN0MDDSAQIDBFxyZWxhdGl2ZVBhdGhZYWxpYXNEYXRhXxA9Li4vLi4vRHJvcGJveCAoUGVyc29uYWwpL2JpYmxpb2dyYXBoeS9fbmV3Xy9zbV9pamNhci0yMDE2LnBkZk8RAYAAAAAAAYAAAgAABT8/PyMyAAAAAAAAAAAAAAAAAAAAAAAAAAAAAAAAAABCRAAB/////xFzbV9pamNhci0yMDE2LnBkZgAAAAAAAAAAAAAAAAAAAAAAAAAAAAAAAAAAAAAAAAAAAAAAAAAAAAAAAAAAAAD/////AAAAAAAAAAAAAAAAAAIABAAACiBjdQAAAAAAAAAAAAAAAAAFX25ld18AAAIAQy86VXNlcnM6YWxtOkRyb3Bib3ggKFBlcnNvbmFsKTpiaWJsaW9ncmFwaHk6X25ld186c21faWpjYXItMjAxNi5wZGYAAA4AJAARAHMAbQBfAGkAagBjAGEAcgAtADIAMAAxADYALgBwAGQAZgAPABYACgOYA7UDvAO5AwEDwwO6A8UDwQOxABIAQVVzZXJzL2FsbS9Ecm9wYm94IChQZXJzb25hbCkvYmlibGlvZ3JhcGh5L19uZXdfL3NtX2lqY2FyLTIwMTYucGRmAAATAAEvAAAVAAIACv//AAAACAANABoAJABkAAAAAAAAAgEAAAAAAAAABQAAAAAAAAAAAAAAAAAAAeg=},
	Bdsk-Url-1 = {https://doi.org/10.1007/978-3-319-40229-1_23}}

@inbook{Ganzinger2004,
	Abstract = {In this paper we present a method for integrating equational reasoning into instantiation-based theorem proving. The method employs a satisfiability solver for ground equational clauses together with an instance generation process based on an ordered paramodulation type calculus for literals. The completeness of the procedure is proved using the the model generation technique, which allows us to justify redundancy elimination based on appropriate orderings.},
	Address = {Berlin, Heidelberg},
	Author = {Ganzinger, Harald and Korovin, Konstantin},
	Booktitle = {Computer Science Logic: 18th International Workshop, CSL 2004, 13th Annual Conference of the EACSL, Karpacz, Poland, September 20-24, 2004. Proceedings},
	Date-Added = {2017-11-29 12:44:15 +0000},
	Date-Modified = {2017-11-29 12:44:15 +0000},
	Doi = {10.1007/978-3-540-30124-0_9},
	Editor = {Marcinkowski, Jerzy and Tarlecki, Andrzej},
	Isbn = {978-3-540-30124-0},
	Pages = {71--84},
	Publisher = {Springer Berlin Heidelberg},
	Title = {Integrating Equational Reasoning into Instantiation-Based Theorem Proving},
	Url = {https://doi.org/10.1007/978-3-540-30124-0_9},
	Year = {2004},
	Bdsk-Url-1 = {https://doi.org/10.1007/978-3-540-30124-0_9}}

@incollection{NR2001,
	Author = {Nieuwenhuis, Robert and Rubio, Albert},
	Booktitle = {Handbook of Automated Reasoning},
	Date-Added = {2017-10-16 14:42:05 +0000},
	Date-Modified = {2017-10-16 15:22:48 +0000},
	Editor = {Robinson, Alan and Voronkov, Andrei},
	Pages = {371--443},
	Publisher = {Elsevier},
	Title = {Paramodulation-Based Theorem Proving},
	Volume = {I},
	Year = {2001},
	Bdsk-File-1 = {YnBsaXN0MDDSAQIDBFxyZWxhdGl2ZVBhdGhZYWxpYXNEYXRhXxBWLi4vLi4vRHJvcGJveCAoUGVyc29uYWwpL2JpYmxpb2dyYXBoeS9wcm92aW5nL1BhcmFtb2R1bGF0aW9uLWJhc2VkIHRoZW9yZW0gcHJvdmluZy5wZGZPEQHgAAAAAAHgAAIAAAU/Pz8jMgAAAAAAAAAAAAAAAAAAAAAAAAAAAAAAAAAAQkQAAf////8fUGFyYW1vZHVsYXRpb24tYmFzI0ZGRkZGRkZGLnBkZgAAAAAAAAAAAAAAAAAAAAAAAAAAAAAAAAAAAAAAAAAA/////wAAAAAAAAAAAAAAAAACAAQAAAogY3UAAAAAAAAAAAAAAAAAB3Byb3ZpbmcAAAIAXC86VXNlcnM6YWxtOkRyb3Bib3ggKFBlcnNvbmFsKTpiaWJsaW9ncmFwaHk6cHJvdmluZzpQYXJhbW9kdWxhdGlvbi1iYXNlZCB0aGVvcmVtIHByb3ZpbmcucGRmAA4AUgAoAFAAYQByAGEAbQBvAGQAdQBsAGEAdABpAG8AbgAtAGIAYQBzAGUAZAAgAHQAaABlAG8AcgBlAG0AIABwAHIAbwB2AGkAbgBnAC4AcABkAGYADwAWAAoDmAO1A7wDuQMBA8MDugPFA8EDsQASAFpVc2Vycy9hbG0vRHJvcGJveCAoUGVyc29uYWwpL2JpYmxpb2dyYXBoeS9wcm92aW5nL1BhcmFtb2R1bGF0aW9uLWJhc2VkIHRoZW9yZW0gcHJvdmluZy5wZGYAEwABLwAAFQACAAr//wAAAAgADQAaACQAfQAAAAAAAAIBAAAAAAAAAAUAAAAAAAAAAAAAAAAAAAJh},
	Bdsk-File-2 = {YnBsaXN0MDDSAQIDBFxyZWxhdGl2ZVBhdGhZYWxpYXNEYXRhXxB9Li4vLi4vRHJvcGJveCAoUGVyc29uYWwpL2JpYmxpb2dyYXBoeS9ib29rcy9BdXRvbWF0ZWQgUmVhc29uaW5nLCAyMDAxIEhhbmRib29rIG9mLzctUGFyYW1vZHVsYXRpb24tQmFzZWQtVGhlb3JlbS1Qcm92aW5nXy5wZGZPEQJOAAAAAAJOAAIAAAU/Pz8jMgAAAAAAAAAAAAAAAAAAAAAAAAAAAAAAAAAAQkQAAf////8fNy1QYXJhbW9kdWxhdGlvbi1CI0ZGRkZGRkZGLnBkZgAAAAAAAAAAAAAAAAAAAAAAAAAAAAAAAAAAAAAAAAAA/////wAAAAAAAAAAAAAAAAACAAUAAAogY3UAAAAAAAAAAAAAAAAAH0F1dG9tYXRlZCBSZWFzb25pbmcsIDIwMDEgSCMyNzEAAAIAgy86VXNlcnM6YWxtOkRyb3Bib3ggKFBlcnNvbmFsKTpiaWJsaW9ncmFwaHk6Ym9va3M6QXV0b21hdGVkIFJlYXNvbmluZywgMjAwMSBIYW5kYm9vayBvZjo3LVBhcmFtb2R1bGF0aW9uLUJhc2VkLVRoZW9yZW0tUHJvdmluZ18ucGRmAAAOAFgAKwA3AC0AUABhAHIAYQBtAG8AZAB1AGwAYQB0AGkAbwBuAC0AQgBhAHMAZQBkAC0AVABoAGUAbwByAGUAbQAtAFAAcgBvAHYAaQBuAGcAXwAuAHAAZABmAA8AFgAKA5gDtQO8A7kDAQPDA7oDxQPBA7EAEgCBVXNlcnMvYWxtL0Ryb3Bib3ggKFBlcnNvbmFsKS9iaWJsaW9ncmFwaHkvYm9va3MvQXV0b21hdGVkIFJlYXNvbmluZywgMjAwMSBIYW5kYm9vayBvZi83LVBhcmFtb2R1bGF0aW9uLUJhc2VkLVRoZW9yZW0tUHJvdmluZ18ucGRmAAATAAEvAAAVAAIACv//AAAACAANABoAJACkAAAAAAAAAgEAAAAAAAAABQAAAAAAAAAAAAAAAAAAAvY=}}

@article{ALBERT19933,
	Author = {Luc Albert and Rafael Casas and Fran{\c c}ois Fages},
	Date-Added = {2017-07-25 09:55:22 +0000},
	Date-Modified = {2017-07-25 09:55:22 +0000},
	Doi = {http://dx.doi.org/10.1016/0304-3975(93)90208-B},
	Issn = {0304-3975},
	Journal = {Theoretical Computer Science},
	Number = {1},
	Pages = {3 - 34},
	Title = {Average-case analysis of unification algorithms},
	Url = {http://www.sciencedirect.com/science/article/pii/030439759390208B},
	Volume = {113},
	Year = {1993},
	Bdsk-Url-1 = {http://www.sciencedirect.com/science/article/pii/030439759390208B},
	Bdsk-Url-2 = {http://dx.doi.org/10.1016/0304-3975(93)90208-B}}

@inbook{Graf1998,
	Abstract = {Implementations of theorem provers that use generative procedures like resolution (Robinson, 1965b; Chang and Lee, 1973) or Knuth-Bendix completion (Knuth and Bendix, 1970) face the problem of program degradation: The theorem prover's rate of drawing conclusions falls off sharply with time due to an increasing amount of retained information (Wos, 1992).},
	Address = {Dordrecht},
	Author = {Graf, P. and Fehrer, D.},
	Booktitle = {Automated Deduction --- A Basis for Applications: Volume II: Systems and Implementation Techniques},
	Date-Added = {2017-07-25 06:23:32 +0000},
	Date-Modified = {2017-07-25 06:23:32 +0000},
	Doi = {10.1007/978-94-017-0435-9_5},
	Editor = {Bibel, Wolfgang and Schmitt, Peter H.},
	Isbn = {978-94-017-0435-9},
	Pages = {125--147},
	Publisher = {Springer Netherlands},
	Title = {Term Indexing},
	Url = {https://doi.org/10.1007/978-94-017-0435-9_5},
	Year = {1998},
	Bdsk-Url-1 = {https://doi.org/10.1007/978-94-017-0435-9_5},
	Bdsk-Url-2 = {http://dx.doi.org/10.1007/978-94-017-0435-9_5}}

@incollection{Sekar:2001:TI:778522.778535,
	Acmid = {778535},
	Address = {Amsterdam, The Netherlands, The Netherlands},
	Author = {Sekar, R. and Ramakrishnan, I. V. and Voronkov, Andrei},
	Chapter = {Term Indexing},
	Date-Added = {2017-07-25 06:22:30 +0000},
	Date-Modified = {2017-07-25 06:22:30 +0000},
	Editor = {Robinson, Alan and Voronkov, Andrei},
	Isbn = {0-444-50812-0},
	Numpages = {112},
	Pages = {1853--1964},
	Publisher = {Elsevier Science Publishers B. V.},
	Title = {Handbook of Automated Reasoning},
	Url = {http://dl.acm.org/citation.cfm?id=778522.778535},
	Year = {2001},
	Bdsk-Url-1 = {http://dl.acm.org/citation.cfm?id=778522.778535}}

@inbook{Fermuller2000,
	Address = {Berlin, Heidelberg},
	Author = {Ferm{\"u}ller, Christian G. and Moser, Georg},
	Booktitle = {Logic for Programming and Automated Reasoning: 7th International Conference, LPAR 2000 Reunion Island, France, November 6--10, 2000 Proceedings},
	Date-Added = {2017-06-22 09:25:46 +0000},
	Date-Modified = {2017-06-22 09:25:46 +0000},
	Doi = {10.1007/3-540-44404-1_9},
	Editor = {Parigot, Michel and Voronkov, Andrei},
	Isbn = {978-3-540-44404-6},
	Pages = {114--130},
	Publisher = {Springer Berlin Heidelberg},
	Title = {Have SPASS with {OCC1N_=^g}},
	Url = {http://dx.doi.org/10.1007/3-540-44404-1_9},
	Year = {2000},
	Bdsk-File-1 = {YnBsaXN0MDDSAQIDBFxyZWxhdGl2ZVBhdGhZYWxpYXNEYXRhXxBXLi4vLi4vRHJvcGJveCAoUGVyc29uYWwpL2JpYmxpb2dyYXBoeS9fbmV3Xy9IYXZlIFNwYXNzIHdpdGggMTAuMTAwNy0zLTU0MC00NDQwNC0xXzkucGRmTxEB6AAAAAAB6AACAAAFPz8/IzIAAAAAAAAAAAAAAAAAAAAAAAAAAAAAAAAAAEJEAAH/////H0hhdmUgU3Bhc3Mgd2l0aCAxMCNGRkZGRkZGRi5wZGYAAAAAAAAAAAAAAAAAAAAAAAAAAAAAAAAAAAAAAAAAAP////8AAAAAAAAAAAAAAAAAAgAEAAAKIGN1AAAAAAAAAAAAAAAAAAVfbmV3XwAAAgBdLzpVc2VyczphbG06RHJvcGJveCAoUGVyc29uYWwpOmJpYmxpb2dyYXBoeTpfbmV3XzpIYXZlIFNwYXNzIHdpdGggMTAuMTAwNy0zLTU0MC00NDQwNC0xXzkucGRmAAAOAFgAKwBIAGEAdgBlACAAUwBwAGEAcwBzACAAdwBpAHQAaAAgADEAMAAuADEAMAAwADcALQAzAC0ANQA0ADAALQA0ADQANAAwADQALQAxAF8AOQAuAHAAZABmAA8AFgAKA5gDtQO8A7kDAQPDA7oDxQPBA7EAEgBbVXNlcnMvYWxtL0Ryb3Bib3ggKFBlcnNvbmFsKS9iaWJsaW9ncmFwaHkvX25ld18vSGF2ZSBTcGFzcyB3aXRoIDEwLjEwMDctMy01NDAtNDQ0MDQtMV85LnBkZgAAEwABLwAAFQACAAr//wAAAAgADQAaACQAfgAAAAAAAAIBAAAAAAAAAAUAAAAAAAAAAAAAAAAAAAJq},
	Bdsk-Url-1 = {http://dx.doi.org/10.1007/3-540-44404-1_9}}

@inbook{Voronkov2001,
	Address = {Berlin, Heidelberg},
	Author = {Voronkov, Andrei},
	Booktitle = {Automated Reasoning: First International Joint Conference, IJCAR 2001 Siena, Italy, June 18--22, 2001 Proceedings},
	Date-Added = {2017-05-29 08:32:48 +0000},
	Date-Modified = {2017-05-29 08:32:48 +0000},
	Doi = {10.1007/3-540-45744-5_3},
	Editor = {Gor{\'e}, Rajeev and Leitsch, Alexander and Nipkow, Tobias},
	Isbn = {978-3-540-45744-2},
	Pages = {13--28},
	Publisher = {Springer Berlin Heidelberg},
	Title = {Algorithms, Datastructures, and other Issues in Efficient Automated Deduction},
	Url = {http://dx.doi.org/10.1007/3-540-45744-5_3},
	Year = {2001},
	Bdsk-File-1 = {YnBsaXN0MDDSAQIDBFxyZWxhdGl2ZVBhdGhZYWxpYXNEYXRhXxCLLi4vLi4vRHJvcGJveCAoUGVyc29uYWwpL2JpYmxpb2dyYXBoeS9QdWJsaXNoZWQsIGJ5IFRpdGxlL0FsZ29yaXRobXMsIERhdGFzdHJ1Y3R1cmVzLCBhbmQgT3RoZXIgSXNzdWVzIGluIEVmZmljaWVudCBBdXRvbWF0ZWQgRGVkdWN0aW9uLnBkZk8RAqoAAAAAAqoAAgAABT8/PyMyAAAAAAAAAAAAAAAAAAAAAAAAAAAAAAAAAABCRAAB/////x9BbGdvcml0aG1zLCBEYXRhc3QjRkZGRkZGRkYucGRmAAAAAAAAAAAAAAAAAAAAAAAAAAAAAAAAAAAAAAAAAAD/////AAAAAAAAAAAAAAAAAAIABAAACiBjdQAAAAAAAAAAAAAAAAATUHVibGlzaGVkLCBieSBUaXRsZQAAAgCRLzpVc2VyczphbG06RHJvcGJveCAoUGVyc29uYWwpOmJpYmxpb2dyYXBoeTpQdWJsaXNoZWQsIGJ5IFRpdGxlOkFsZ29yaXRobXMsIERhdGFzdHJ1Y3R1cmVzLCBhbmQgT3RoZXIgSXNzdWVzIGluIEVmZmljaWVudCBBdXRvbWF0ZWQgRGVkdWN0aW9uLnBkZgAADgCkAFEAQQBsAGcAbwByAGkAdABoAG0AcwAsACAARABhAHQAYQBzAHQAcgB1AGMAdAB1AHIAZQBzACwAIABhAG4AZAAgAE8AdABoAGUAcgAgAEkAcwBzAHUAZQBzACAAaQBuACAARQBmAGYAaQBjAGkAZQBuAHQAIABBAHUAdABvAG0AYQB0AGUAZAAgAEQAZQBkAHUAYwB0AGkAbwBuAC4AcABkAGYADwAWAAoDmAO1A7wDuQMBA8MDugPFA8EDsQASAI9Vc2Vycy9hbG0vRHJvcGJveCAoUGVyc29uYWwpL2JpYmxpb2dyYXBoeS9QdWJsaXNoZWQsIGJ5IFRpdGxlL0FsZ29yaXRobXMsIERhdGFzdHJ1Y3R1cmVzLCBhbmQgT3RoZXIgSXNzdWVzIGluIEVmZmljaWVudCBBdXRvbWF0ZWQgRGVkdWN0aW9uLnBkZgAAEwABLwAAFQACAAr//wAAAAgADQAaACQAsgAAAAAAAAIBAAAAAAAAAAUAAAAAAAAAAAAAAAAAAANg},
	Bdsk-Url-1 = {http://dx.doi.org/10.1007/3-540-45744-5_3}}

@booklet{AM2015L,
	Author = {Aart Middeldorp},
	Date-Added = {2017-03-23 14:47:12 +0000},
	Date-Modified = {2017-03-23 16:03:04 +0000},
	Title = {{L}ecture {N}otes -- {L}ogic},
	Year = {2016}}

@book{MR1482227,
	Author = {B\"orger, Egon and Gr\"adel, Erich and Gurevich, Yuri},
	Date-Added = {2017-03-08 16:05:49 +0000},
	Date-Modified = {2017-03-08 16:05:49 +0000},
	Doi = {10.1007/978-3-642-59207-2},
	Isbn = {3-540-57073-X},
	Mrclass = {03-02 (03B10 03B25 03C13 03D15 03D35 68Q15 68Q68)},
	Mrnumber = {1482227},
	Mrreviewer = {Roman Murawski},
	Note = {With an appendix by Cyril Allauzen and Bruno Durand},
	Pages = {xii+482},
	Publisher = {Springer-Verlag, Berlin},
	Series = {Perspectives in Mathematical Logic},
	Title = {The classical decision problem},
	Url = {http://dx.doi.org/10.1007/978-3-642-59207-2},
	Year = {1997},
	Bdsk-File-1 = {YnBsaXN0MDDSAQIDBFxyZWxhdGl2ZVBhdGhZYWxpYXNEYXRhXxA1Li4vLi4vRHJvcGJveC9iaWJsaW9ncmFwaHkvYm9va3MvTmV1ZXIgT3JkbmVyLzAgNy5wbmdPEQGYAAAAAAGYAAIAAAZNbUwxNGkAAAAAAAAAAAAAAAAAAAAAAAAAAADTPVLzSCsAAADB/4sHMCA3LnBuZwAAAAAAAAAAAAAAAAAAAAAAAAAAAAAAAAAAAAAAAAAAAAAAAAAAAAAAAAAAAAAAAAAAAAAAAAAAAMH/ZtTl7PoAAAAAAAAAAAACAAUAAAkgAAAAAAAAAAAAAAAAAAAADE5ldWVyIE9yZG5lcgAQAAgAANM9NtMAAAARAAgAANTl3uoAAAABABgAwf+LACt/5gArcPMAFvt2AAaDugAGKgkAAgBGTW1MMTRpOlVzZXJzOgBhWG06AERyb3Bib3g6AGJpYmxpb2dyYXBoeToAYm9va3M6AE5ldWVyIE9yZG5lcjoAMCA3LnBuZwAOABAABwAwACAANwAuAHAAbgBnAA8ADgAGAE0AbQBMADEANABpABIAOVVzZXJzL2FYbS9Ecm9wYm94L2JpYmxpb2dyYXBoeS9ib29rcy9OZXVlciBPcmRuZXIvMCA3LnBuZwAAEwABLwAAFQACAAr//wAAAAgADQAaACQAXAAAAAAAAAIBAAAAAAAAAAUAAAAAAAAAAAAAAAAAAAH4},
	Bdsk-Url-1 = {http://dx.doi.org/10.1007/978-3-642-59207-2}}

@misc{Nonnengart01computingsmall,
	Author = {Andreas Nonnengart and Christoph Weidenbach and Im Stadtwald and Im Stadtwald},
	Date-Added = {2017-02-15 11:11:24 +0000},
	Date-Modified = {2017-02-15 11:11:24 +0000},
	Title = {Computing Small Clause Normal Forms},
	Year = {2001}}

@incollection{books/el/RV01/Hahnle01,
	Added-At = {2002-01-03T00:00:00.000+0100},
	Author = {H{\"a}hnle, Reiner},
	Biburl = {http://www.bibsonomy.org/bibtex/253622e7b1f56c32b760610c38efaec7e/dblp},
	Booktitle = {Handbook of Automated Reasoning},
	Crossref = {books/el/RobinsonV01},
	Date = {2002-01-03},
	Date-Added = {2017-02-15 11:01:48 +0000},
	Date-Modified = {2017-02-15 11:01:48 +0000},
	Description = {dblp},
	Editor = {Robinson, John Alan and Voronkov, Andrei},
	Interhash = {fc1fe0bf3da9ede4f61211132348aec1},
	Intrahash = {53622e7b1f56c32b760610c38efaec7e},
	Isbn = {0-262-18223-8},
	Keywords = {dblp},
	Pages = {100-178},
	Publisher = {Elsevier and MIT Press},
	Timestamp = {2002-01-03T00:00:00.000+0100},
	Title = {Tableaux and Related Methods.},
	Url = {http://dblp.uni-trier.de/db/books/collections/RobinsonV01.html#Hahnle01},
	Year = 2001,
	Bdsk-File-1 = {YnBsaXN0MDDSAQIDBFxyZWxhdGl2ZVBhdGhZYWxpYXNEYXRhXxB4Li4vLi4vRHJvcGJveCAoUGVyc29uYWwpL2JpYmxpb2dyYXBoeS9QdWJsaXNoZWQsIGJ5IFRpdGxlL0hhbmRib29rIG9mIEF1dG9tYXRlZCBSZWFzb25pbmcvMyBUYWJsZWF1QW5kUmVsYXRlZE1ldGhvZHMucGRmTxECKAAAAAACKAACAAAFPz8/IzIAAAAAAAAAAAAAAAAAAAAAAAAAAAAAAAAAAEJEAAH/////HjMgVGFibGVhdUFuZFJlbGF0ZWRNZXRob2RzLnBkZgAAAAAAAAAAAAAAAAAAAAAAAAAAAAAAAAAAAAAAAAAAAP////8AAAAAAAAAAAAAAAAAAgAFAAAKIGN1AAAAAAAAAAAAAAAAAB9IYW5kYm9vayBvZiBBdXRvbWF0ZWQgUmVhc29uaW5nAAACAH4vOlVzZXJzOmFsbTpEcm9wYm94IChQZXJzb25hbCk6YmlibGlvZ3JhcGh5OlB1Ymxpc2hlZCwgYnkgVGl0bGU6SGFuZGJvb2sgb2YgQXV0b21hdGVkIFJlYXNvbmluZzozIFRhYmxlYXVBbmRSZWxhdGVkTWV0aG9kcy5wZGYADgA+AB4AMwAgAFQAYQBiAGwAZQBhAHUAQQBuAGQAUgBlAGwAYQB0AGUAZABNAGUAdABoAG8AZABzAC4AcABkAGYADwAWAAoDmAO1A7wDuQMBA8MDugPFA8EDsQASAHxVc2Vycy9hbG0vRHJvcGJveCAoUGVyc29uYWwpL2JpYmxpb2dyYXBoeS9QdWJsaXNoZWQsIGJ5IFRpdGxlL0hhbmRib29rIG9mIEF1dG9tYXRlZCBSZWFzb25pbmcvMyBUYWJsZWF1QW5kUmVsYXRlZE1ldGhvZHMucGRmABMAAS8AABUAAgAK//8AAAAIAA0AGgAkAJ8AAAAAAAACAQAAAAAAAAAFAAAAAAAAAAAAAAAAAAACyw==},
	Bdsk-Url-1 = {http://dblp.uni-trier.de/db/books/collections/RobinsonV01.html#Hahnle01}}

@article{Baumgartner2010,
	Abstract = {Instance-based methods are a specific class of methods for automated proof search in first-order logic. This article provides an overview of the major methods in the area and discusses their properties and relations to the more established resolution methods. It also discusses some recent trends on refinements and applications. This overview is rather brief and informal, but we provide a comprehensive literature list to follow-up on the details.},
	Author = {Baumgartner, Peter and Thorstensen, Evgenij},
	Date-Added = {2017-02-14 07:32:05 +0000},
	Date-Modified = {2017-02-14 07:32:05 +0000},
	Doi = {10.1007/s13218-010-0002-x},
	Issn = {1610-1987},
	Journal = {KI - K{\"u}nstliche Intelligenz},
	Number = {1},
	Pages = {35--42},
	Title = {Instance Based Methods---A Brief Overview},
	Url = {http://dx.doi.org/10.1007/s13218-010-0002-x},
	Volume = {24},
	Year = {2010},
	Bdsk-File-1 = {YnBsaXN0MDDSAQIDBFxyZWxhdGl2ZVBhdGhZYWxpYXNEYXRhXxBoLi4vLi4vRHJvcGJveCAoUGVyc29uYWwpL2JpYmxpb2dyYXBoeS9QdWJsaXNoZWQsIGJ5IFRpdGxlL0luc3RhbmNlIEJhc2VkIE1ldGhvZHMgLS0gQSBCcmllZiBPdmVydmlldy5wZGZPEQIcAAAAAAIcAAIAAAU/Pz8jMgAAAAAAAAAAAAAAAAAAAAAAAAAAAAAAAAAAQkQAAf////8fSW5zdGFuY2UgQmFzZWQgTWV0I0ZGRkZGRkZGLnBkZgAAAAAAAAAAAAAAAAAAAAAAAAAAAAAAAAAAAAAAAAAA/////wAAAAAAAAAAAAAAAAACAAQAAAogY3UAAAAAAAAAAAAAAAAAE1B1Ymxpc2hlZCwgYnkgVGl0bGUAAAIAbi86VXNlcnM6YWxtOkRyb3Bib3ggKFBlcnNvbmFsKTpiaWJsaW9ncmFwaHk6UHVibGlzaGVkLCBieSBUaXRsZTpJbnN0YW5jZSBCYXNlZCBNZXRob2RzIC0tIEEgQnJpZWYgT3ZlcnZpZXcucGRmAA4AXgAuAEkAbgBzAHQAYQBuAGMAZQAgAEIAYQBzAGUAZAAgAE0AZQB0AGgAbwBkAHMAIAAtAC0AIABBACAAQgByAGkAZQBmACAATwB2AGUAcgB2AGkAZQB3AC4AcABkAGYADwAWAAoDmAO1A7wDuQMBA8MDugPFA8EDsQASAGxVc2Vycy9hbG0vRHJvcGJveCAoUGVyc29uYWwpL2JpYmxpb2dyYXBoeS9QdWJsaXNoZWQsIGJ5IFRpdGxlL0luc3RhbmNlIEJhc2VkIE1ldGhvZHMgLS0gQSBCcmllZiBPdmVydmlldy5wZGYAEwABLwAAFQACAAr//wAAAAgADQAaACQAjwAAAAAAAAIBAAAAAAAAAAUAAAAAAAAAAAAAAAAAAAKv},
	Bdsk-Url-1 = {http://dx.doi.org/10.1007/s13218-010-0002-x}}

@article{Robinson:1965:MLB:321250.321253,
	Acmid = {321253},
	Address = {New York, NY, USA},
	Author = {Robinson, J. A.},
	Date-Added = {2017-02-13 15:27:56 +0000},
	Date-Modified = {2017-02-13 15:27:56 +0000},
	Doi = {10.1145/321250.321253},
	Issn = {0004-5411},
	Issue_Date = {Jan. 1965},
	Journal = {J. ACM},
	Month = jan,
	Number = {1},
	Numpages = {19},
	Pages = {23--41},
	Publisher = {ACM},
	Title = {A Machine-Oriented Logic Based on the Resolution Principle},
	Url = {http://doi.acm.org/10.1145/321250.321253},
	Volume = {12},
	Year = {1965},
	Bdsk-File-1 = {YnBsaXN0MDDSAQIDBFxyZWxhdGl2ZVBhdGhZYWxpYXNEYXRhXxB4Li4vLi4vRHJvcGJveCAoUGVyc29uYWwpL2JpYmxpb2dyYXBoeS9QdWJsaXNoZWQsIGJ5IFRpdGxlL0EgTWFjaGluZS1PcmllbnRlZCBMb2dpYyBCYXNlZCBvbiB0aGUgUmVzb2x1dGlvbiBQcmluY2lwbGUucGRmTxECXAAAAAACXAACAAAFPz8/IzIAAAAAAAAAAAAAAAAAAAAAAAAAAAAAAAAAAEJEAAH/////H0EgTWFjaGluZS1PcmllbnRlZCNGRkZGRkZGRi5wZGYAAAAAAAAAAAAAAAAAAAAAAAAAAAAAAAAAAAAAAAAAAP////8AAAAAAAAAAAAAAAAAAgAEAAAKIGN1AAAAAAAAAAAAAAAAABNQdWJsaXNoZWQsIGJ5IFRpdGxlAAACAH4vOlVzZXJzOmFsbTpEcm9wYm94IChQZXJzb25hbCk6YmlibGlvZ3JhcGh5OlB1Ymxpc2hlZCwgYnkgVGl0bGU6QSBNYWNoaW5lLU9yaWVudGVkIExvZ2ljIEJhc2VkIG9uIHRoZSBSZXNvbHV0aW9uIFByaW5jaXBsZS5wZGYADgB+AD4AQQAgAE0AYQBjAGgAaQBuAGUALQBPAHIAaQBlAG4AdABlAGQAIABMAG8AZwBpAGMAIABCAGEAcwBlAGQAIABvAG4AIAB0AGgAZQAgAFIAZQBzAG8AbAB1AHQAaQBvAG4AIABQAHIAaQBuAGMAaQBwAGwAZQAuAHAAZABmAA8AFgAKA5gDtQO8A7kDAQPDA7oDxQPBA7EAEgB8VXNlcnMvYWxtL0Ryb3Bib3ggKFBlcnNvbmFsKS9iaWJsaW9ncmFwaHkvUHVibGlzaGVkLCBieSBUaXRsZS9BIE1hY2hpbmUtT3JpZW50ZWQgTG9naWMgQmFzZWQgb24gdGhlIFJlc29sdXRpb24gUHJpbmNpcGxlLnBkZgATAAEvAAAVAAIACv//AAAACAANABoAJACfAAAAAAAAAgEAAAAAAAAABQAAAAAAAAAAAAAAAAAAAv8=},
	Bdsk-Url-1 = {http://doi.acm.org/10.1145/321250.321253},
	Bdsk-Url-2 = {http://dx.doi.org/10.1145/321250.321253}}

@incollection{Knuth:1970,
	Abstract = {An algorithm is described which is capable of solving certain word problems: i.e. of deciding whether or not two words composed of variables and operators can be proved equal as a consequence of a given set of identities satisfied by the operators. Although the general word problem is well known to be unsolvable, this algorithm provides results in many interesting cases. For example in elementary group theory if we are given the binary operator ·, the unary operator −, and the nullary operator e, the algorithm is capable of deducing from the three identities a · (b · c) = (a · b) · c, a · a − = e, a · e = a, the laws a − · a = e, e · a = a, a − − = a, etc.; and furthermore it can show that a · b = b · a − is not a consequence of the given axioms.
The method is based on a well-ordering of the set of all words, such that each identity can be construed as a ``reduction'', in the sense that the right-hand side of the identity represents a word smaller in the ordering than the left-hand side. A set of reduction identities is said to be ``complete'' when two words are equal as a consequence of the identities if and only if they reduce to the same word by a series of reductions. The method used in this algorithm is essentially to test whether a given set of identities is complete; if it is not complete the algorithm in many cases finds a new consequence of the identities which can be added to the list. The process is repeated until either a complete set is achieved or until an anomalous situation occurs which cannot at present be handled.
Results of several computational experiments using the algorithm are given.},
	Annote = {Knuth, D., Bendix, P.: Simple word problems in universal algebras. In: Leech, J. (ed.) Computational Problems in Abstract Algebra, pp. 263--297. Pergamon Press, Oxford (1970)},
	Author = {Knuth, D.E. and Bendix, P.B.},
	Booktitle = {Computational Problems in Abstract Algebra},
	Date-Added = {2017-02-13 12:38:02 +0000},
	Date-Modified = {2017-02-13 12:40:48 +0000},
	Editor = {Leech, J.},
	Pages = {263-297},
	Publisher = {Pergamon Press},
	Title = {Simple Word Problems in Universal Algebras},
	Year = {1970},
	Bdsk-Url-1 = {http://dx.doi.org/10.1007/978-3-642-81955-1_23}}

@article{PLAISTED1986293,
	Abstract = {Most resolution theorem provers convert a theorem into clause form before attempting to find a proof. The conventional translation of a first-order formula into clause form often obscures the structure of the formula, and may increase the length of the formula by an exponential amount in the worst case. We present a non-standard clause form translation that preserves more of the structure of the formula than the conventional translation. This new translation also avoids the exponential increase in size which may occur with the standard translation. We show how this idea may be combined with the idea of replacing predicates by their definitions before converting to clause form. We give a method of lock resolution which is appropriate for the non-standard clause form translation, and which has yielded a spectacular reduction in search space and time for one example. These techniques should increase the attractiveness of resolution theorem provers for program verification applications, since the theorems that arise in program verification are often simple but tedious for humans to prove.},
	Author = {David A. Plaisted and Steven Greenbaum},
	Date-Added = {2017-01-19 12:56:52 +0000},
	Date-Modified = {2017-01-19 12:56:52 +0000},
	Doi = {http://dx.doi.org/10.1016/S0747-7171(86)80028-1},
	Issn = {0747-7171},
	Journal = {Journal of Symbolic Computation},
	Number = {3},
	Pages = {293 - 304},
	Title = {A Structure-preserving Clause Form Translation},
	Url = {http://www.sciencedirect.com/science/article/pii/S0747717186800281},
	Volume = {2},
	Year = {1986},
	Bdsk-File-1 = {YnBsaXN0MDDSAQIDBFxyZWxhdGl2ZVBhdGhZYWxpYXNEYXRhXxBeLi4vLi4vRHJvcGJveCAoUGVyc29uYWwpL2JpYmxpb2dyYXBoeS9fbmV3Xy9BIFN0cnVjdHVyZS1wcmVzZXJ2aW5nIENsYXVzZSBGb3JtIFRyYW5zbGF0aW9uLnBkZk8RAgIAAAAAAgIAAgAABT8/PyMyAAAAAAAAAAAAAAAAAAAAAAAAAAAAAAAAAABCRAAB/////x9BIFN0cnVjdHVyZS1wcmVzZXIjRkZGRkZGRkYucGRmAAAAAAAAAAAAAAAAAAAAAAAAAAAAAAAAAAAAAAAAAAD/////AAAAAAAAAAAAAAAAAAIABAAACiBjdQAAAAAAAAAAAAAAAAAFX25ld18AAAIAZC86VXNlcnM6YWxtOkRyb3Bib3ggKFBlcnNvbmFsKTpiaWJsaW9ncmFwaHk6X25ld186QSBTdHJ1Y3R1cmUtcHJlc2VydmluZyBDbGF1c2UgRm9ybSBUcmFuc2xhdGlvbi5wZGYADgBmADIAQQAgAFMAdAByAHUAYwB0AHUAcgBlAC0AcAByAGUAcwBlAHIAdgBpAG4AZwAgAEMAbABhAHUAcwBlACAARgBvAHIAbQAgAFQAcgBhAG4AcwBsAGEAdABpAG8AbgAuAHAAZABmAA8AFgAKA5gDtQO8A7kDAQPDA7oDxQPBA7EAEgBiVXNlcnMvYWxtL0Ryb3Bib3ggKFBlcnNvbmFsKS9iaWJsaW9ncmFwaHkvX25ld18vQSBTdHJ1Y3R1cmUtcHJlc2VydmluZyBDbGF1c2UgRm9ybSBUcmFuc2xhdGlvbi5wZGYAEwABLwAAFQACAAr//wAAAAgADQAaACQAhQAAAAAAAAIBAAAAAAAAAAUAAAAAAAAAAAAAAAAAAAKL},
	Bdsk-Url-1 = {http://www.sciencedirect.com/science/article/pii/S0747717186800281},
	Bdsk-Url-2 = {http://dx.doi.org/10.1016/S0747-7171(86)80028-1}}

@article{tseitin70,
	Author = {Tseitin, G. S.},
	Citeulike-Article-Id = {554749},
	Date-Added = {2017-01-19 12:50:24 +0000},
	Date-Modified = {2017-01-19 12:55:12 +0000},
	Journal = {Studies in Constructive Mathematics and Mathematical Logic},
	Pages = {115--125},
	Posted-At = {2006-03-16 20:58:52},
	Priority = {0},
	Title = {On the complexity of derivations in the propositional calculus},
	Volume = {Part II},
	Year = {1970},
	Bdsk-File-1 = {YnBsaXN0MDDSAQIDBFxyZWxhdGl2ZVBhdGhZYWxpYXNEYXRhXxCMLi4vLi4vRHJvcGJveCAoUGVyc29uYWwpL2JpYmxpb2dyYXBoeS9QdWJsaXNoZWQsIGJ5IFRpdGxlL09uIHRoZSBjb21wbGV4aXR5IG9mIGRlcml2YXRpb25zIGluIHRoZSBwcm9wb3NpdGlvbmFsIGNhbGN1bHVzIChUc2VpdGluLCAxOTcwKS5wZGZPEQKsAAAAAAKsAAIAAAU/Pz8jMgAAAAAAAAAAAAAAAAAAAAAAAAAAAAAAAAAAQkQAAf////8fT24gdGhlIGNvbXBsZXhpdHkgI0ZGRkZGRkZGLnBkZgAAAAAAAAAAAAAAAAAAAAAAAAAAAAAAAAAAAAAAAAAA/////wAAAAAAAAAAAAAAAAACAAQAAAogY3UAAAAAAAAAAAAAAAAAE1B1Ymxpc2hlZCwgYnkgVGl0bGUAAAIAki86VXNlcnM6YWxtOkRyb3Bib3ggKFBlcnNvbmFsKTpiaWJsaW9ncmFwaHk6UHVibGlzaGVkLCBieSBUaXRsZTpPbiB0aGUgY29tcGxleGl0eSBvZiBkZXJpdmF0aW9ucyBpbiB0aGUgcHJvcG9zaXRpb25hbCBjYWxjdWx1cyAoVHNlaXRpbiwgMTk3MCkucGRmAA4ApgBSAE8AbgAgAHQAaABlACAAYwBvAG0AcABsAGUAeABpAHQAeQAgAG8AZgAgAGQAZQByAGkAdgBhAHQAaQBvAG4AcwAgAGkAbgAgAHQAaABlACAAcAByAG8AcABvAHMAaQB0AGkAbwBuAGEAbAAgAGMAYQBsAGMAdQBsAHUAcwAgACgAVABzAGUAaQB0AGkAbgAsACAAMQA5ADcAMAApAC4AcABkAGYADwAWAAoDmAO1A7wDuQMBA8MDugPFA8EDsQASAJBVc2Vycy9hbG0vRHJvcGJveCAoUGVyc29uYWwpL2JpYmxpb2dyYXBoeS9QdWJsaXNoZWQsIGJ5IFRpdGxlL09uIHRoZSBjb21wbGV4aXR5IG9mIGRlcml2YXRpb25zIGluIHRoZSBwcm9wb3NpdGlvbmFsIGNhbGN1bHVzIChUc2VpdGluLCAxOTcwKS5wZGYAEwABLwAAFQACAAr//wAAAAgADQAaACQAswAAAAAAAAIBAAAAAAAAAAUAAAAAAAAAAAAAAAAAAANj}}

@article{tseitin68,
	Author = {Tseitin, G. S.},
	Citeulike-Article-Id = {554749},
	Date-Added = {2017-01-19 12:42:44 +0000},
	Date-Modified = {2017-01-19 12:42:44 +0000},
	Journal = {Studies in Mathematics and Mathematical Logic},
	Pages = {115--125},
	Posted-At = {2006-03-16 20:58:52},
	Priority = {0},
	Title = {On the complexity of derivations in the propositional calculus},
	Volume = {Part II},
	Year = {1968},
	Bdsk-File-1 = {YnBsaXN0MDDSAQIDBFxyZWxhdGl2ZVBhdGhZYWxpYXNEYXRhXxCMLi4vLi4vRHJvcGJveCAoUGVyc29uYWwpL2JpYmxpb2dyYXBoeS9QdWJsaXNoZWQsIGJ5IFRpdGxlL09uIHRoZSBjb21wbGV4aXR5IG9mIGRlcml2YXRpb25zIGluIHRoZSBwcm9wb3NpdGlvbmFsIGNhbGN1bHVzIChUc2VpdGluLCAxOTY4KS5wZGZPEQKsAAAAAAKsAAIAAAU/Pz8jMgAAAAAAAAAAAAAAAAAAAAAAAAAAAAAAAAAAQkQAAf////8fT24gdGhlIGNvbXBsZXhpdHkgI0ZGRkZGRkZGLnBkZgAAAAAAAAAAAAAAAAAAAAAAAAAAAAAAAAAAAAAAAAAA/////wAAAAAAAAAAAAAAAAACAAQAAAogY3UAAAAAAAAAAAAAAAAAE1B1Ymxpc2hlZCwgYnkgVGl0bGUAAAIAki86VXNlcnM6YWxtOkRyb3Bib3ggKFBlcnNvbmFsKTpiaWJsaW9ncmFwaHk6UHVibGlzaGVkLCBieSBUaXRsZTpPbiB0aGUgY29tcGxleGl0eSBvZiBkZXJpdmF0aW9ucyBpbiB0aGUgcHJvcG9zaXRpb25hbCBjYWxjdWx1cyAoVHNlaXRpbiwgMTk2OCkucGRmAA4ApgBSAE8AbgAgAHQAaABlACAAYwBvAG0AcABsAGUAeABpAHQAeQAgAG8AZgAgAGQAZQByAGkAdgBhAHQAaQBvAG4AcwAgAGkAbgAgAHQAaABlACAAcAByAG8AcABvAHMAaQB0AGkAbwBuAGEAbAAgAGMAYQBsAGMAdQBsAHUAcwAgACgAVABzAGUAaQB0AGkAbgAsACAAMQA5ADYAOAApAC4AcABkAGYADwAWAAoDmAO1A7wDuQMBA8MDugPFA8EDsQASAJBVc2Vycy9hbG0vRHJvcGJveCAoUGVyc29uYWwpL2JpYmxpb2dyYXBoeS9QdWJsaXNoZWQsIGJ5IFRpdGxlL09uIHRoZSBjb21wbGV4aXR5IG9mIGRlcml2YXRpb25zIGluIHRoZSBwcm9wb3NpdGlvbmFsIGNhbGN1bHVzIChUc2VpdGluLCAxOTY4KS5wZGYAEwABLwAAFQACAAr//wAAAAgADQAaACQAswAAAAAAAAIBAAAAAAAAAAUAAAAAAAAAAAAAAAAAAANj}}

@book{Robinson:2001:HAR:778522,
	Address = {Amsterdam, The Netherlands, The Netherlands},
	Date-Added = {2016-11-24 11:38:37 +0000},
	Date-Modified = {2016-11-24 11:38:37 +0000},
	Editor = {Robinson, Alan and Voronkov, Andrei},
	Isbn = {0-444-50812-0},
	Publisher = {Elsevier Science Publishers B. V.},
	Title = {Handbook of Automated Reasoning},
	Year = {2001}}

@article{5392528,
	Abstract = {A program is described which can provide a computer with quick logical facility for syllogisms and moderately more complicated sentences. The program realizes a method for proving that a sentence of quantification theory is logically true. The program, furthermore, provides a decision procedure over a subclass of the sentences of quantification theory. The subclass of sentences for which the program provides a decision procedure includes all syllogisms. Full justification of the method is given. A program for the IBM 704 Data Processing Machine is outlined which realizes the method. Production runs of the program indicate that for a class of moderately complicated sentences the program can produce proofs in intervals ranging up to two minutes.},
	Author = {P. C. Gilmore},
	Date-Added = {2016-11-24 11:32:04 +0000},
	Date-Modified = {2016-11-24 11:34:36 +0000},
	Doi = {10.1147/rd.41.0028},
	Issn = {0018-8646},
	Journal = {IBM Journal of Research and Development},
	Month = {Jan},
	Number = {1},
	Pages = {28-35},
	Title = {A Proof Method for Quantification Theory: Its Justification and Realization},
	Volume = {4},
	Year = {1960},
	Bdsk-Url-1 = {http://dx.doi.org/10.1147/rd.41.0028}}

@article{Davis:1962:MPT:368273.368557,
	Acmid = {368557},
	Address = {New York, NY, USA},
	Author = {Davis, Martin and Logemann, George and Loveland, Donald},
	Date-Added = {2016-11-23 13:46:11 +0000},
	Date-Modified = {2016-11-23 13:46:11 +0000},
	Doi = {10.1145/368273.368557},
	Issn = {0001-0782},
	Issue_Date = {July 1962},
	Journal = {Commun. ACM},
	Month = jul,
	Number = {7},
	Numpages = {4},
	Pages = {394--397},
	Publisher = {ACM},
	Title = {A Machine Program for Theorem-proving},
	Url = {http://doi.acm.org/10.1145/368273.368557},
	Volume = {5},
	Year = {1962},
	Bdsk-File-1 = {YnBsaXN0MDDSAQIDBFxyZWxhdGl2ZVBhdGhZYWxpYXNEYXRhXxA5Li4vLi4vRHJvcGJveCAoUGVyc29uYWwpL2JpYmxpb2dyYXBoeS9EUExML3AzOTQtZGF2aXMucGRmTxEBcAAAAAABcAACAAAFPz8/IzIAAAAAAAAAAAAAAAAAAAAAAAAAAAAAAAAAAEJEAAH/////DnAzOTQtZGF2aXMucGRmAAAAAAAAAAAAAAAAAAAAAAAAAAAAAAAAAAAAAAAAAAAAAAAAAAAAAAAAAAAAAAAAAP////8AAAAAAAAAAAAAAAAAAgAEAAAKIGN1AAAAAAAAAAAAAAAAAAREUExMAAIAPy86VXNlcnM6YWxtOkRyb3Bib3ggKFBlcnNvbmFsKTpiaWJsaW9ncmFwaHk6RFBMTDpwMzk0LWRhdmlzLnBkZgAADgAeAA4AcAAzADkANAAtAGQAYQB2AGkAcwAuAHAAZABmAA8AFgAKA5gDtQO8A7kDAQPDA7oDxQPBA7EAEgA9VXNlcnMvYWxtL0Ryb3Bib3ggKFBlcnNvbmFsKS9iaWJsaW9ncmFwaHkvRFBMTC9wMzk0LWRhdmlzLnBkZgAAEwABLwAAFQACAAr//wAAAAgADQAaACQAYAAAAAAAAAIBAAAAAAAAAAUAAAAAAAAAAAAAAAAAAAHU},
	Bdsk-Url-1 = {http://doi.acm.org/10.1145/368273.368557},
	Bdsk-Url-2 = {http://dx.doi.org/10.1145/368273.368557}}

@article{Davis:1960:CPQ:321033.321034,
	Abstract = {The hope that mathematical methods employed in the investigation of formal logic would lead to purely computational methods for obtaining mathematical theorems goes back to Leibniz and has been revived by Peano around the turn of the century and by Hilbert's school in the 1920's. Hilbert, noting that all of classical mathematics could be formalized within quantification theory, declared that the problem of finding an algorithm for determining whether or not a given formula of quantification theory is valid was the central problem of mathematical logic. And indeed, at one time it seemed as if investigations of this ``decision'' problem were on the verge of success. However, it was shown by Church and by Turing that such an algorithm can not exist. This result led to considerable pessimism regarding the possibility of using modern digital computers in deciding significant mathematical questions. However, recently there has been a revival of interest in the whole question. Specifically, it has been realized that while no decision procedure exists for quantification theory there are many proof procedures available---that is, uniform procedures which will ultimately locate a proof for any formula of quantification theory which is valid but which will usually involve seeking ``forever'' in the case of a formula which is not valid---and that some of these proof procedures could well turn out to be feasible for use with modern computing machinery. Hao Wang [9] and P. C. Gilmore [3] have each produced working programs which employ proof procedures in quantification theory. Gilmore's program employs a form of a basic theorem of mathematical logic due to Herbrand, and Wang's makes use of a formulation of quantification theory related to those studied by Gentzen. However, both programs encounter decisive difficulties with any but the simplest formulas of quantification theory, in connection with methods of doing propositional calculus. Wang's program, because of its use of Gentzen-like methods, involves exponentiation on the total number of truth-functional connectives, whereas Gilmore's program, using normal forms, involves exponentiation on the number of clauses present. Both methods are superior in many cases to truth table methods which involve exponentiation on the total number of variables present, and represent important initial contributions, but both run into difficulty with some fairly simple examples. In the present paper, a uniform proof procedure for quantification theory is given which is feasible for use with some rather complicated formulas and which does not ordinarily lead to exponentiation. The superiority of the present procedure over those previously available is indicated in part by the fact that a formula on which Gilmore's routine for the IBM 704 causes the machine to computer for 21 minutes without obtaining a result was worked successfully by hand computation using the present method in 30 minutes. Cf. {\S}6, below. It should be mentioned that, before it can be hoped to employ proof procedures for quantification theory in obtaining proofs of theorems belonging to ``genuine'' mathematics, finite axiomatizations, which are ``short,'' must be obtained for various branches of mathematics. This last question will not be pursued further here; cf., however, Davis and Putnam [2], where one solution to this problem is given for ele},
	Acmid = {321034},
	Address = {New York, NY, USA},
	Author = {Davis, Martin and Putnam, Hilary},
	Date-Added = {2016-11-23 13:44:26 +0000},
	Date-Modified = {2016-12-20 14:26:45 +0000},
	Doi = {10.1145/321033.321034},
	Issn = {0004-5411},
	Issue_Date = {July 1960},
	Journal = {J. ACM},
	Month = jul,
	Number = {3},
	Numpages = {15},
	Pages = {201--215},
	Publisher = {ACM},
	Title = {A Computing Procedure for Quantification Theory},
	Url = {http://doi.acm.org/10.1145/321033.321034},
	Volume = {7},
	Year = {1960},
	Bdsk-File-1 = {YnBsaXN0MDDSAQIDBFxyZWxhdGl2ZVBhdGhZYWxpYXNEYXRhXxBxLi4vLi4vRHJvcGJveCAoUGVyc29uYWwpL2JpYmxpb2dyYXBoeS9wcm92aW5nL0EgQ29tcHV0aW5nIFByb2NlZHVyZSBmb3IgUXVhbnRpZmljYXRpb24gVGhlb3J5IChEYXZpcywgUHV0bmFtKS5wZGZPEQJOAAAAAAJOAAIAAAU/Pz8jMgAAAAAAAAAAAAAAAAAAAAAAAAAAAAAAAAAAQkQAAf////8fQSBDb21wdXRpbmcgUHJvY2VkI0ZGRkZGRkZGLnBkZgAAAAAAAAAAAAAAAAAAAAAAAAAAAAAAAAAAAAAAAAAA/////wAAAAAAAAAAAAAAAAACAAQAAAogY3UAAAAAAAAAAAAAAAAAB3Byb3ZpbmcAAAIAdy86VXNlcnM6YWxtOkRyb3Bib3ggKFBlcnNvbmFsKTpiaWJsaW9ncmFwaHk6cHJvdmluZzpBIENvbXB1dGluZyBQcm9jZWR1cmUgZm9yIFF1YW50aWZpY2F0aW9uIFRoZW9yeSAoRGF2aXMsIFB1dG5hbSkucGRmAAAOAIgAQwBBACAAQwBvAG0AcAB1AHQAaQBuAGcAIABQAHIAbwBjAGUAZAB1AHIAZQAgAGYAbwByACAAUQB1AGEAbgB0AGkAZgBpAGMAYQB0AGkAbwBuACAAVABoAGUAbwByAHkAIAAoAEQAYQB2AGkAcwAsACAAUAB1AHQAbgBhAG0AKQAuAHAAZABmAA8AFgAKA5gDtQO8A7kDAQPDA7oDxQPBA7EAEgB1VXNlcnMvYWxtL0Ryb3Bib3ggKFBlcnNvbmFsKS9iaWJsaW9ncmFwaHkvcHJvdmluZy9BIENvbXB1dGluZyBQcm9jZWR1cmUgZm9yIFF1YW50aWZpY2F0aW9uIFRoZW9yeSAoRGF2aXMsIFB1dG5hbSkucGRmAAATAAEvAAAVAAIACv//AAAACAANABoAJACYAAAAAAAAAgEAAAAAAAAABQAAAAAAAAAAAAAAAAAAAuo=},
	Bdsk-Url-1 = {http://doi.acm.org/10.1145/321033.321034},
	Bdsk-Url-2 = {http://dx.doi.org/10.1145/321033.321034}}

@book{Harrison:2009:HPL:1540610,
	Address = {New York, NY, USA},
	Author = {Harrison, John},
	Date-Added = {2016-11-11 11:06:17 +0000},
	Date-Modified = {2016-11-11 11:06:17 +0000},
	Edition = {1st},
	Isbn = {0521899575, 9780521899574},
	Publisher = {Cambridge University Press},
	Title = {Handbook of Practical Logic and Automated Reasoning},
	Year = {2009},
	Bdsk-File-1 = {YnBsaXN0MDDSAQIDBFxyZWxhdGl2ZVBhdGhZYWxpYXNEYXRhXxB4Li4vLi4vRHJvcGJveCAoUGVyc29uYWwpL2JpYmxpb2dyYXBoeS9ib29rcy9QcmFjdGljYWwgTG9naWMgYW5kIEF1dG9tYXRlZCBSZWFzb25pbmcsIDIwMDkgSGFuZGJvb2sgb2YvMSBJbnRyb2R1Y3Rpb24ucGRmTxECEAAAAAACEAACAAAFPz8/IzIAAAAAAAAAAAAAAAAAAAAAAAAAAAAAAAAAAEJEAAH/////EjEgSW50cm9kdWN0aW9uLnBkZgAAAAAAAAAAAAAAAAAAAAAAAAAAAAAAAAAAAAAAAAAAAAAAAAAAAAAAAAAAAP////8AAAAAAAAAAAAAAAAAAgAFAAAKIGN1AAAAAAAAAAAAAAAAAB9QcmFjdGljYWwgTG9naWMgYW5kIEF1dG9tYXQjMjgwAAACAH4vOlVzZXJzOmFsbTpEcm9wYm94IChQZXJzb25hbCk6YmlibGlvZ3JhcGh5OmJvb2tzOlByYWN0aWNhbCBMb2dpYyBhbmQgQXV0b21hdGVkIFJlYXNvbmluZywgMjAwOSBIYW5kYm9vayBvZjoxIEludHJvZHVjdGlvbi5wZGYADgAmABIAMQAgAEkAbgB0AHIAbwBkAHUAYwB0AGkAbwBuAC4AcABkAGYADwAWAAoDmAO1A7wDuQMBA8MDugPFA8EDsQASAHxVc2Vycy9hbG0vRHJvcGJveCAoUGVyc29uYWwpL2JpYmxpb2dyYXBoeS9ib29rcy9QcmFjdGljYWwgTG9naWMgYW5kIEF1dG9tYXRlZCBSZWFzb25pbmcsIDIwMDkgSGFuZGJvb2sgb2YvMSBJbnRyb2R1Y3Rpb24ucGRmABMAAS8AABUAAgAK//8AAAAIAA0AGgAkAJ8AAAAAAAACAQAAAAAAAAAFAAAAAAAAAAAAAAAAAAACsw==},
	Bdsk-File-2 = {YnBsaXN0MDDSAQIDBFxyZWxhdGl2ZVBhdGhZYWxpYXNEYXRhXxB/Li4vLi4vRHJvcGJveCAoUGVyc29uYWwpL2JpYmxpb2dyYXBoeS9ib29rcy9QcmFjdGljYWwgTG9naWMgYW5kIEF1dG9tYXRlZCBSZWFzb25pbmcsIDIwMDkgSGFuZGJvb2sgb2YvMiBQcm9wb3NpdGlvbmFsX2xvZ2ljLnBkZk8RAi4AAAAAAi4AAgAABT8/PyMyAAAAAAAAAAAAAAAAAAAAAAAAAAAAAAAAAABCRAAB/////xkyIFByb3Bvc2l0aW9uYWxfbG9naWMucGRmAAAAAAAAAAAAAAAAAAAAAAAAAAAAAAAAAAAAAAAAAAAAAAAAAAD/////AAAAAAAAAAAAAAAAAAIABQAACiBjdQAAAAAAAAAAAAAAAAAfUHJhY3RpY2FsIExvZ2ljIGFuZCBBdXRvbWF0IzI4MAAAAgCFLzpVc2VyczphbG06RHJvcGJveCAoUGVyc29uYWwpOmJpYmxpb2dyYXBoeTpib29rczpQcmFjdGljYWwgTG9naWMgYW5kIEF1dG9tYXRlZCBSZWFzb25pbmcsIDIwMDkgSGFuZGJvb2sgb2Y6MiBQcm9wb3NpdGlvbmFsX2xvZ2ljLnBkZgAADgA0ABkAMgAgAFAAcgBvAHAAbwBzAGkAdABpAG8AbgBhAGwAXwBsAG8AZwBpAGMALgBwAGQAZgAPABYACgOYA7UDvAO5AwEDwwO6A8UDwQOxABIAg1VzZXJzL2FsbS9Ecm9wYm94IChQZXJzb25hbCkvYmlibGlvZ3JhcGh5L2Jvb2tzL1ByYWN0aWNhbCBMb2dpYyBhbmQgQXV0b21hdGVkIFJlYXNvbmluZywgMjAwOSBIYW5kYm9vayBvZi8yIFByb3Bvc2l0aW9uYWxfbG9naWMucGRmAAATAAEvAAAVAAIACv//AAAACAANABoAJACmAAAAAAAAAgEAAAAAAAAABQAAAAAAAAAAAAAAAAAAAtg=},
	Bdsk-File-3 = {YnBsaXN0MDDSAQIDBFxyZWxhdGl2ZVBhdGhZYWxpYXNEYXRhXxB9Li4vLi4vRHJvcGJveCAoUGVyc29uYWwpL2JpYmxpb2dyYXBoeS9ib29rcy9QcmFjdGljYWwgTG9naWMgYW5kIEF1dG9tYXRlZCBSZWFzb25pbmcsIDIwMDkgSGFuZGJvb2sgb2YvMyBGaXJzdC1vcmRlcl9sb2dpYy5wZGZPEQImAAAAAAImAAIAAAU/Pz8jMgAAAAAAAAAAAAAAAAAAAAAAAAAAAAAAAAAAQkQAAf////8XMyBGaXJzdC1vcmRlcl9sb2dpYy5wZGYAAAAAAAAAAAAAAAAAAAAAAAAAAAAAAAAAAAAAAAAAAAAAAAAAAAAA/////wAAAAAAAAAAAAAAAAACAAUAAAogY3UAAAAAAAAAAAAAAAAAH1ByYWN0aWNhbCBMb2dpYyBhbmQgQXV0b21hdCMyODAAAAIAgy86VXNlcnM6YWxtOkRyb3Bib3ggKFBlcnNvbmFsKTpiaWJsaW9ncmFwaHk6Ym9va3M6UHJhY3RpY2FsIExvZ2ljIGFuZCBBdXRvbWF0ZWQgUmVhc29uaW5nLCAyMDA5IEhhbmRib29rIG9mOjMgRmlyc3Qtb3JkZXJfbG9naWMucGRmAAAOADAAFwAzACAARgBpAHIAcwB0AC0AbwByAGQAZQByAF8AbABvAGcAaQBjAC4AcABkAGYADwAWAAoDmAO1A7wDuQMBA8MDugPFA8EDsQASAIFVc2Vycy9hbG0vRHJvcGJveCAoUGVyc29uYWwpL2JpYmxpb2dyYXBoeS9ib29rcy9QcmFjdGljYWwgTG9naWMgYW5kIEF1dG9tYXRlZCBSZWFzb25pbmcsIDIwMDkgSGFuZGJvb2sgb2YvMyBGaXJzdC1vcmRlcl9sb2dpYy5wZGYAABMAAS8AABUAAgAK//8AAAAIAA0AGgAkAKQAAAAAAAACAQAAAAAAAAAFAAAAAAAAAAAAAAAAAAACzg==},
	Bdsk-File-4 = {YnBsaXN0MDDSAQIDBFxyZWxhdGl2ZVBhdGhZYWxpYXNEYXRhXxB0Li4vLi4vRHJvcGJveCAoUGVyc29uYWwpL2JpYmxpb2dyYXBoeS9ib29rcy9QcmFjdGljYWwgTG9naWMgYW5kIEF1dG9tYXRlZCBSZWFzb25pbmcsIDIwMDkgSGFuZGJvb2sgb2YvNCBFcXVhbGl0eS5wZGZPEQIAAAAAAAIAAAIAAAU/Pz8jMgAAAAAAAAAAAAAAAAAAAAAAAAAAAAAAAAAAQkQAAf////8ONCBFcXVhbGl0eS5wZGYAAAAAAAAAAAAAAAAAAAAAAAAAAAAAAAAAAAAAAAAAAAAAAAAAAAAAAAAAAAAAAAAA/////wAAAAAAAAAAAAAAAAACAAUAAAogY3UAAAAAAAAAAAAAAAAAH1ByYWN0aWNhbCBMb2dpYyBhbmQgQXV0b21hdCMyODAAAAIAei86VXNlcnM6YWxtOkRyb3Bib3ggKFBlcnNvbmFsKTpiaWJsaW9ncmFwaHk6Ym9va3M6UHJhY3RpY2FsIExvZ2ljIGFuZCBBdXRvbWF0ZWQgUmVhc29uaW5nLCAyMDA5IEhhbmRib29rIG9mOjQgRXF1YWxpdHkucGRmAA4AHgAOADQAIABFAHEAdQBhAGwAaQB0AHkALgBwAGQAZgAPABYACgOYA7UDvAO5AwEDwwO6A8UDwQOxABIAeFVzZXJzL2FsbS9Ecm9wYm94IChQZXJzb25hbCkvYmlibGlvZ3JhcGh5L2Jvb2tzL1ByYWN0aWNhbCBMb2dpYyBhbmQgQXV0b21hdGVkIFJlYXNvbmluZywgMjAwOSBIYW5kYm9vayBvZi80IEVxdWFsaXR5LnBkZgATAAEvAAAVAAIACv//AAAACAANABoAJACbAAAAAAAAAgEAAAAAAAAABQAAAAAAAAAAAAAAAAAAAp8=},
	Bdsk-File-5 = {YnBsaXN0MDDSAQIDBFxyZWxhdGl2ZVBhdGhZYWxpYXNEYXRhXxB+Li4vLi4vRHJvcGJveCAoUGVyc29uYWwpL2JpYmxpb2dyYXBoeS9ib29rcy9QcmFjdGljYWwgTG9naWMgYW5kIEF1dG9tYXRlZCBSZWFzb25pbmcsIDIwMDkgSGFuZGJvb2sgb2YvNSBEZWNpZGFibGVfcHJvYmxlbXMucGRmTxECKAAAAAACKAACAAAFPz8/IzIAAAAAAAAAAAAAAAAAAAAAAAAAAAAAAAAAAEJEAAH/////GDUgRGVjaWRhYmxlX3Byb2JsZW1zLnBkZgAAAAAAAAAAAAAAAAAAAAAAAAAAAAAAAAAAAAAAAAAAAAAAAAAAAP////8AAAAAAAAAAAAAAAAAAgAFAAAKIGN1AAAAAAAAAAAAAAAAAB9QcmFjdGljYWwgTG9naWMgYW5kIEF1dG9tYXQjMjgwAAACAIQvOlVzZXJzOmFsbTpEcm9wYm94IChQZXJzb25hbCk6YmlibGlvZ3JhcGh5OmJvb2tzOlByYWN0aWNhbCBMb2dpYyBhbmQgQXV0b21hdGVkIFJlYXNvbmluZywgMjAwOSBIYW5kYm9vayBvZjo1IERlY2lkYWJsZV9wcm9ibGVtcy5wZGYADgAyABgANQAgAEQAZQBjAGkAZABhAGIAbABlAF8AcAByAG8AYgBsAGUAbQBzAC4AcABkAGYADwAWAAoDmAO1A7wDuQMBA8MDugPFA8EDsQASAIJVc2Vycy9hbG0vRHJvcGJveCAoUGVyc29uYWwpL2JpYmxpb2dyYXBoeS9ib29rcy9QcmFjdGljYWwgTG9naWMgYW5kIEF1dG9tYXRlZCBSZWFzb25pbmcsIDIwMDkgSGFuZGJvb2sgb2YvNSBEZWNpZGFibGVfcHJvYmxlbXMucGRmABMAAS8AABUAAgAK//8AAAAIAA0AGgAkAKUAAAAAAAACAQAAAAAAAAAFAAAAAAAAAAAAAAAAAAAC0Q==},
	Bdsk-File-6 = {YnBsaXN0MDDSAQIDBFxyZWxhdGl2ZVBhdGhZYWxpYXNEYXRhXxCHLi4vLi4vRHJvcGJveCAoUGVyc29uYWwpL2JpYmxpb2dyYXBoeS9ib29rcy9QcmFjdGljYWwgTG9naWMgYW5kIEF1dG9tYXRlZCBSZWFzb25pbmcsIDIwMDkgSGFuZGJvb2sgb2YvNiBJbnRlcmFjdGl2ZV90aGVvcmVtX3Byb3ZpbmcucGRmTxECTgAAAAACTgACAAAFPz8/IzIAAAAAAAAAAAAAAAAAAAAAAAAAAAAAAAAAAEJEAAH/////HzYgSW50ZXJhY3RpdmVfdGhlbyNGRkZGRkZGRi5wZGYAAAAAAAAAAAAAAAAAAAAAAAAAAAAAAAAAAAAAAAAAAP////8AAAAAAAAAAAAAAAAAAgAFAAAKIGN1AAAAAAAAAAAAAAAAAB9QcmFjdGljYWwgTG9naWMgYW5kIEF1dG9tYXQjMjgwAAACAI0vOlVzZXJzOmFsbTpEcm9wYm94IChQZXJzb25hbCk6YmlibGlvZ3JhcGh5OmJvb2tzOlByYWN0aWNhbCBMb2dpYyBhbmQgQXV0b21hdGVkIFJlYXNvbmluZywgMjAwOSBIYW5kYm9vayBvZjo2IEludGVyYWN0aXZlX3RoZW9yZW1fcHJvdmluZy5wZGYAAA4ARAAhADYAIABJAG4AdABlAHIAYQBjAHQAaQB2AGUAXwB0AGgAZQBvAHIAZQBtAF8AcAByAG8AdgBpAG4AZwAuAHAAZABmAA8AFgAKA5gDtQO8A7kDAQPDA7oDxQPBA7EAEgCLVXNlcnMvYWxtL0Ryb3Bib3ggKFBlcnNvbmFsKS9iaWJsaW9ncmFwaHkvYm9va3MvUHJhY3RpY2FsIExvZ2ljIGFuZCBBdXRvbWF0ZWQgUmVhc29uaW5nLCAyMDA5IEhhbmRib29rIG9mLzYgSW50ZXJhY3RpdmVfdGhlb3JlbV9wcm92aW5nLnBkZgAAEwABLwAAFQACAAr//wAAAAgADQAaACQArgAAAAAAAAIBAAAAAAAAAAUAAAAAAAAAAAAAAAAAAAMA},
	Bdsk-File-7 = {YnBsaXN0MDDSAQIDBFxyZWxhdGl2ZVBhdGhZYWxpYXNEYXRhXxB3Li4vLi4vRHJvcGJveCAoUGVyc29uYWwpL2JpYmxpb2dyYXBoeS9ib29rcy9QcmFjdGljYWwgTG9naWMgYW5kIEF1dG9tYXRlZCBSZWFzb25pbmcsIDIwMDkgSGFuZGJvb2sgb2YvNyBMaW1pdGF0aW9ucy5wZGZPEQIOAAAAAAIOAAIAAAU/Pz8jMgAAAAAAAAAAAAAAAAAAAAAAAAAAAAAAAAAAQkQAAf////8RNyBMaW1pdGF0aW9ucy5wZGYAAAAAAAAAAAAAAAAAAAAAAAAAAAAAAAAAAAAAAAAAAAAAAAAAAAAAAAAAAAAA/////wAAAAAAAAAAAAAAAAACAAUAAAogY3UAAAAAAAAAAAAAAAAAH1ByYWN0aWNhbCBMb2dpYyBhbmQgQXV0b21hdCMyODAAAAIAfS86VXNlcnM6YWxtOkRyb3Bib3ggKFBlcnNvbmFsKTpiaWJsaW9ncmFwaHk6Ym9va3M6UHJhY3RpY2FsIExvZ2ljIGFuZCBBdXRvbWF0ZWQgUmVhc29uaW5nLCAyMDA5IEhhbmRib29rIG9mOjcgTGltaXRhdGlvbnMucGRmAAAOACQAEQA3ACAATABpAG0AaQB0AGEAdABpAG8AbgBzAC4AcABkAGYADwAWAAoDmAO1A7wDuQMBA8MDugPFA8EDsQASAHtVc2Vycy9hbG0vRHJvcGJveCAoUGVyc29uYWwpL2JpYmxpb2dyYXBoeS9ib29rcy9QcmFjdGljYWwgTG9naWMgYW5kIEF1dG9tYXRlZCBSZWFzb25pbmcsIDIwMDkgSGFuZGJvb2sgb2YvNyBMaW1pdGF0aW9ucy5wZGYAABMAAS8AABUAAgAK//8AAAAIAA0AGgAkAJ4AAAAAAAACAQAAAAAAAAAFAAAAAAAAAAAAAAAAAAACsA==},
	Bdsk-File-8 = {YnBsaXN0MDDSAQIDBFxyZWxhdGl2ZVBhdGhZYWxpYXNEYXRhXxCELi4vLi4vRHJvcGJveCAoUGVyc29uYWwpL2JpYmxpb2dyYXBoeS9ib29rcy9QcmFjdGljYWwgTG9naWMgYW5kIEF1dG9tYXRlZCBSZWFzb25pbmcsIDIwMDkgSGFuZGJvb2sgb2YvQTEgTWF0aGVtYXRpY2FsX2JhY2tncm91bmQucGRmTxECQAAAAAACQAACAAAFPz8/IzIAAAAAAAAAAAAAAAAAAAAAAAAAAAAAAAAAAEJEAAH/////HkExIE1hdGhlbWF0aWNhbF9iYWNrZ3JvdW5kLnBkZgAAAAAAAAAAAAAAAAAAAAAAAAAAAAAAAAAAAAAAAAAAAP////8AAAAAAAAAAAAAAAAAAgAFAAAKIGN1AAAAAAAAAAAAAAAAAB9QcmFjdGljYWwgTG9naWMgYW5kIEF1dG9tYXQjMjgwAAACAIovOlVzZXJzOmFsbTpEcm9wYm94IChQZXJzb25hbCk6YmlibGlvZ3JhcGh5OmJvb2tzOlByYWN0aWNhbCBMb2dpYyBhbmQgQXV0b21hdGVkIFJlYXNvbmluZywgMjAwOSBIYW5kYm9vayBvZjpBMSBNYXRoZW1hdGljYWxfYmFja2dyb3VuZC5wZGYADgA+AB4AQQAxACAATQBhAHQAaABlAG0AYQB0AGkAYwBhAGwAXwBiAGEAYwBrAGcAcgBvAHUAbgBkAC4AcABkAGYADwAWAAoDmAO1A7wDuQMBA8MDugPFA8EDsQASAIhVc2Vycy9hbG0vRHJvcGJveCAoUGVyc29uYWwpL2JpYmxpb2dyYXBoeS9ib29rcy9QcmFjdGljYWwgTG9naWMgYW5kIEF1dG9tYXRlZCBSZWFzb25pbmcsIDIwMDkgSGFuZGJvb2sgb2YvQTEgTWF0aGVtYXRpY2FsX2JhY2tncm91bmQucGRmABMAAS8AABUAAgAK//8AAAAIAA0AGgAkAKsAAAAAAAACAQAAAAAAAAAFAAAAAAAAAAAAAAAAAAAC7w==},
	Bdsk-File-9 = {YnBsaXN0MDDSAQIDBFxyZWxhdGl2ZVBhdGhZYWxpYXNEYXRhXxCALi4vLi4vRHJvcGJveCAoUGVyc29uYWwpL2JpYmxpb2dyYXBoeS9ib29rcy9QcmFjdGljYWwgTG9naWMgYW5kIEF1dG9tYXRlZCBSZWFzb25pbmcsIDIwMDkgSGFuZGJvb2sgb2YvQTIgT0NhbWxfbWFkZV9saWdodF9vZi5wZGZPEQIwAAAAAAIwAAIAAAU/Pz8jMgAAAAAAAAAAAAAAAAAAAAAAAAAAAAAAAAAAQkQAAf////8aQTIgT0NhbWxfbWFkZV9saWdodF9vZi5wZGYAAAAAAAAAAAAAAAAAAAAAAAAAAAAAAAAAAAAAAAAAAAAAAAAA/////wAAAAAAAAAAAAAAAAACAAUAAAogY3UAAAAAAAAAAAAAAAAAH1ByYWN0aWNhbCBMb2dpYyBhbmQgQXV0b21hdCMyODAAAAIAhi86VXNlcnM6YWxtOkRyb3Bib3ggKFBlcnNvbmFsKTpiaWJsaW9ncmFwaHk6Ym9va3M6UHJhY3RpY2FsIExvZ2ljIGFuZCBBdXRvbWF0ZWQgUmVhc29uaW5nLCAyMDA5IEhhbmRib29rIG9mOkEyIE9DYW1sX21hZGVfbGlnaHRfb2YucGRmAA4ANgAaAEEAMgAgAE8AQwBhAG0AbABfAG0AYQBkAGUAXwBsAGkAZwBoAHQAXwBvAGYALgBwAGQAZgAPABYACgOYA7UDvAO5AwEDwwO6A8UDwQOxABIAhFVzZXJzL2FsbS9Ecm9wYm94IChQZXJzb25hbCkvYmlibGlvZ3JhcGh5L2Jvb2tzL1ByYWN0aWNhbCBMb2dpYyBhbmQgQXV0b21hdGVkIFJlYXNvbmluZywgMjAwOSBIYW5kYm9vayBvZi9BMiBPQ2FtbF9tYWRlX2xpZ2h0X29mLnBkZgATAAEvAAAVAAIACv//AAAACAANABoAJACnAAAAAAAAAgEAAAAAAAAABQAAAAAAAAAAAAAAAAAAAts=},
	Bdsk-File-10 = {YnBsaXN0MDDSAQIDBFxyZWxhdGl2ZVBhdGhZYWxpYXNEYXRhXxCNLi4vLi4vRHJvcGJveCAoUGVyc29uYWwpL2JpYmxpb2dyYXBoeS9ib29rcy9QcmFjdGljYWwgTG9naWMgYW5kIEF1dG9tYXRlZCBSZWFzb25pbmcsIDIwMDkgSGFuZGJvb2sgb2YvQTMgUGFyc2luZ19hbmRfcHJpbnRpbmdfb2ZfZm9ybXVsYXMucGRmTxECZgAAAAACZgACAAAFPz8/IzIAAAAAAAAAAAAAAAAAAAAAAAAAAAAAAAAAAEJEAAH/////H0EzIFBhcnNpbmdfYW5kX3ByaSNGRkZGRkZGRi5wZGYAAAAAAAAAAAAAAAAAAAAAAAAAAAAAAAAAAAAAAAAAAP////8AAAAAAAAAAAAAAAAAAgAFAAAKIGN1AAAAAAAAAAAAAAAAAB9QcmFjdGljYWwgTG9naWMgYW5kIEF1dG9tYXQjMjgwAAACAJMvOlVzZXJzOmFsbTpEcm9wYm94IChQZXJzb25hbCk6YmlibGlvZ3JhcGh5OmJvb2tzOlByYWN0aWNhbCBMb2dpYyBhbmQgQXV0b21hdGVkIFJlYXNvbmluZywgMjAwOSBIYW5kYm9vayBvZjpBMyBQYXJzaW5nX2FuZF9wcmludGluZ19vZl9mb3JtdWxhcy5wZGYAAA4AUAAnAEEAMwAgAFAAYQByAHMAaQBuAGcAXwBhAG4AZABfAHAAcgBpAG4AdABpAG4AZwBfAG8AZgBfAGYAbwByAG0AdQBsAGEAcwAuAHAAZABmAA8AFgAKA5gDtQO8A7kDAQPDA7oDxQPBA7EAEgCRVXNlcnMvYWxtL0Ryb3Bib3ggKFBlcnNvbmFsKS9iaWJsaW9ncmFwaHkvYm9va3MvUHJhY3RpY2FsIExvZ2ljIGFuZCBBdXRvbWF0ZWQgUmVhc29uaW5nLCAyMDA5IEhhbmRib29rIG9mL0EzIFBhcnNpbmdfYW5kX3ByaW50aW5nX29mX2Zvcm11bGFzLnBkZgAAEwABLwAAFQACAAr//wAAAAgADQAaACQAtAAAAAAAAAIBAAAAAAAAAAUAAAAAAAAAAAAAAAAAAAMe}}

@booklet{axm:SR1,
	Abstract = {First order theorem proving is more than hard.
iProver, an instantiation-based theorem prover, has demonstrated notable performance in competitions
and has been dominating the effectively propositional fragment in automated theorem proving since 2008.
An attempt to extend its power to first order logic with equality is recapped in this report.},
	Author = {Alexander Maringele},
	Date-Added = {2016-11-08 09:15:47 +0000},
	Date-Modified = {2016-11-08 09:15:47 +0000},
	Title = {Seminar Report -- {I}nstantiation-based {T}heorem {P}roving with {E}quality},
	Year = {2014},
	Bdsk-File-1 = {YnBsaXN0MDDSAQIDBFxyZWxhdGl2ZVBhdGhZYWxpYXNEYXRhXxA2Li4vLi4vRHJvcGJveCAoUGVyc29uYWwpL2JpYmxpb2dyYXBoeS9hX20vbTFyZXBvcnQucGRmTxEBZAAAAAABZAACAAAFPz8/IzIAAAAAAAAAAAAAAAAAAAAAAAAAAAAAAAAAAEJEAAH/////DG0xcmVwb3J0LnBkZgAAAAAAAAAAAAAAAAAAAAAAAAAAAAAAAAAAAAAAAAAAAAAAAAAAAAAAAAAAAAAAAAAAAP////8AAAAAAAAAAAAAAAAAAgAEAAAKIGN1AAAAAAAAAAAAAAAAAANhX20AAAIAPC86VXNlcnM6YWxtOkRyb3Bib3ggKFBlcnNvbmFsKTpiaWJsaW9ncmFwaHk6YV9tOm0xcmVwb3J0LnBkZgAOABoADABtADEAcgBlAHAAbwByAHQALgBwAGQAZgAPABYACgOYA7UDvAO5AwEDwwO6A8UDwQOxABIAOlVzZXJzL2FsbS9Ecm9wYm94IChQZXJzb25hbCkvYmlibGlvZ3JhcGh5L2FfbS9tMXJlcG9ydC5wZGYAEwABLwAAFQACAAr//wAAAAgADQAaACQAXQAAAAAAAAIBAAAAAAAAAAUAAAAAAAAAAAAAAAAAAAHF}}

@article{Ramsey01011930,
	Author = {Ramsey, F. P.},
	Date-Added = {2016-10-25 12:00:31 +0000},
	Date-Modified = {2016-10-25 12:00:31 +0000},
	Doi = {10.1112/plms/s2-30.1.264},
	Eprint = {http://plms.oxfordjournals.org/content/s2-30/1/264.full.pdf+html},
	Journal = {Proceedings of the London Mathematical Society},
	Number = {1},
	Pages = {264-286},
	Title = {On a Problem of Formal Logic},
	Url = {http://plms.oxfordjournals.org/content/s2-30/1/264.short},
	Volume = {s2-30},
	Year = {1930},
	Bdsk-File-1 = {YnBsaXN0MDDSAQIDBFxyZWxhdGl2ZVBhdGhZYWxpYXNEYXRhXxBNLi4vLi4vRHJvcGJveC9iaWJsaW9ncmFwaHkvRVBSL1Byb2MuIExvbmRvbiBNYXRoLiBTb2MuLTE5MzAtUmFtc2V5LTI2NC04Ni5wZGZPEQICAAAAAAICAAIAAAU/Pz8jMgAAAAAAAAAAAAAAAAAAAAAAAAAAAADQXCa4SCsAAAL21tgfUHJvYy4gTG9uZG9uIE1hdGguICMzMTdEMENCLnBkZgAAAAAAAAAAAAAAAAAAAAAAAAAAAAAAAAAAAAAAAAAAAxfQy9Q1FaMAAAAAAAAAAAACAAQAAAkgAAAAAAAAAAAAAAAAAAAAA0VQUgAAEAAIAADQXAqYAAAAEQAIAADUNPmDAAAAAQAUAvbW2AKhJJ8CH6WmAAT+0QACEnUAAgBNPz8/IzI6VXNlcnM6AGFsbToARHJvcGJveDoAYmlibGlvZ3JhcGh5OgBFUFI6AFByb2MuIExvbmRvbiBNYXRoLiAjMzE3RDBDQi5wZGYAAA4AXgAuAFAAcgBvAGMALgAgAEwAbwBuAGQAbwBuACAATQBhAHQAaAAuACAAUwBvAGMALgAtADEAOQAzADAALQBSAGEAbQBzAGUAeQAtADIANgA0AC0AOAA2AC4AcABkAGYADwAWAAoDmAO1A7wDuQMBA8MDugPFA8EDsQASAFFVc2Vycy9hbG0vRHJvcGJveC9iaWJsaW9ncmFwaHkvRVBSL1Byb2MuIExvbmRvbiBNYXRoLiBTb2MuLTE5MzAtUmFtc2V5LTI2NC04Ni5wZGYAABMAAS8AABUAAgAK//8AAAAIAA0AGgAkAHQAAAAAAAACAQAAAAAAAAAFAAAAAAAAAAAAAAAAAAACeg==},
	Bdsk-Url-1 = {http://plms.oxfordjournals.org/content/s2-30/1/264.short},
	Bdsk-Url-2 = {http://dx.doi.org/10.1112/plms/s2-30.1.264}}

@incollection{Sorensen200677,
	Author = {Morten Heine S{\o}rensen and Pawel Urzyczyin},
	Booktitle = {Lectures on the Curry-Howard Isomorphism},
	Date-Added = {2016-09-28 08:38:52 +0000},
	Date-Modified = {2016-09-28 08:38:52 +0000},
	Doi = {http://dx.doi.org/10.1016/S0049-237X(06)80005-4},
	Editor = {Morten Heine S{\o}rensen and Pawe{\l} Urzyczyin},
	Issn = {0049-237X},
	Pages = {77 - 101},
	Publisher = {Elsevier},
	Series = {Studies in Logic and the Foundations of Mathematics},
	Title = {Chapter 4 - The Curry-Howard isomorphism},
	Url = {http://www.sciencedirect.com/science/article/pii/S0049237X06800054},
	Volume = {149},
	Year = {2006},
	Bdsk-Url-1 = {http://www.sciencedirect.com/science/article/pii/S0049237X06800054},
	Bdsk-Url-2 = {http://dx.doi.org/10.1016/S0049-237X(06)80005-4}}

@incollection{Sorensen2006103,
	Author = {Morten Heine S{\o}rensen and Pawel Urzyczyin},
	Booktitle = {Lectures on the Curry-Howard Isomorphism},
	Date-Added = {2016-09-28 08:38:52 +0000},
	Date-Modified = {2016-09-28 08:38:52 +0000},
	Doi = {http://dx.doi.org/10.1016/S0049-237X(06)80006-6},
	Editor = {Morten Heine S{\o}rensen and Pawe{\l} Urzyczyin},
	Issn = {0049-237X},
	Pages = {103 - 125},
	Publisher = {Elsevier},
	Series = {Studies in Logic and the Foundations of Mathematics},
	Title = {Chapter 5 - Proofs as combinators},
	Url = {http://www.sciencedirect.com/science/article/pii/S0049237X06800066},
	Volume = {149},
	Year = {2006},
	Bdsk-Url-1 = {http://www.sciencedirect.com/science/article/pii/S0049237X06800066},
	Bdsk-Url-2 = {http://dx.doi.org/10.1016/S0049-237X(06)80006-6}}

@incollection{Sorensen2006127,
	Author = {Morten Heine S{\o}rensen and Pawel Urzyczyin},
	Booktitle = {Lectures on the Curry-Howard Isomorphism},
	Date-Added = {2016-09-28 08:38:52 +0000},
	Date-Modified = {2016-09-28 08:38:52 +0000},
	Doi = {http://dx.doi.org/10.1016/S0049-237X(06)80007-8},
	Editor = {Morten Heine S{\o}rensen and Pawe{\l} Urzyczyin},
	Issn = {0049-237X},
	Pages = {127 - 159},
	Publisher = {Elsevier},
	Series = {Studies in Logic and the Foundations of Mathematics},
	Title = {Chapter 6 - Classical logic and control operators},
	Url = {http://www.sciencedirect.com/science/article/pii/S0049237X06800078},
	Volume = {149},
	Year = {2006},
	Bdsk-Url-1 = {http://www.sciencedirect.com/science/article/pii/S0049237X06800078},
	Bdsk-Url-2 = {http://dx.doi.org/10.1016/S0049-237X(06)80007-8}}

@incollection{Sorensen2006161,
	Author = {Morten Heine S{\o}rensen and Pawel Urzyczyin},
	Booktitle = {Lectures on the Curry-Howard Isomorphism},
	Date-Added = {2016-09-28 08:38:52 +0000},
	Date-Modified = {2016-09-28 08:38:52 +0000},
	Doi = {http://dx.doi.org/10.1016/S0049-237X(06)80008-X},
	Editor = {Morten Heine S{\o}rensen and Pawe{\l} Urzyczyin},
	Issn = {0049-237X},
	Pages = {161 - 194},
	Publisher = {Elsevier},
	Series = {Studies in Logic and the Foundations of Mathematics},
	Title = {Chapter 7 - Sequent calculus},
	Url = {http://www.sciencedirect.com/science/article/pii/S0049237X0680008X},
	Volume = {149},
	Year = {2006},
	Bdsk-Url-1 = {http://www.sciencedirect.com/science/article/pii/S0049237X0680008X},
	Bdsk-Url-2 = {http://dx.doi.org/10.1016/S0049-237X(06)80008-X}}

@incollection{Sorensen2006195,
	Author = {Morten Heine S{\o}rensen and Pawel Urzyczyin},
	Booktitle = {Lectures on the Curry-Howard Isomorphism},
	Date-Added = {2016-09-28 08:38:52 +0000},
	Date-Modified = {2016-09-28 08:38:52 +0000},
	Doi = {http://dx.doi.org/10.1016/S0049-237X(06)80009-1},
	Editor = {Morten Heine S{\o}rensen and Pawe{\l} Urzyczyin},
	Issn = {0049-237X},
	Pages = {195 - 228},
	Publisher = {Elsevier},
	Series = {Studies in Logic and the Foundations of Mathematics},
	Title = {Chapter 8 - First-order logic},
	Url = {http://www.sciencedirect.com/science/article/pii/S0049237X06800091},
	Volume = {149},
	Year = {2006},
	Bdsk-Url-1 = {http://www.sciencedirect.com/science/article/pii/S0049237X06800091},
	Bdsk-Url-2 = {http://dx.doi.org/10.1016/S0049-237X(06)80009-1}}

@incollection{Sorensen2006229,
	Author = {Morten Heine S{\o}rensen and Pawel Urzyczyin},
	Booktitle = {Lectures on the Curry-Howard Isomorphism},
	Date-Added = {2016-09-28 08:38:52 +0000},
	Date-Modified = {2016-09-28 08:38:52 +0000},
	Doi = {http://dx.doi.org/10.1016/S0049-237X(06)80010-8},
	Editor = {Morten Heine S{\o}rensen and Pawe{\l} Urzyczyin},
	Issn = {0049-237X},
	Pages = {229 - 249},
	Publisher = {Elsevier},
	Series = {Studies in Logic and the Foundations of Mathematics},
	Title = {Chapter 9 - First-order arithmetic},
	Url = {http://www.sciencedirect.com/science/article/pii/S0049237X06800108},
	Volume = {149},
	Year = {2006},
	Bdsk-Url-1 = {http://www.sciencedirect.com/science/article/pii/S0049237X06800108},
	Bdsk-Url-2 = {http://dx.doi.org/10.1016/S0049-237X(06)80010-8}}

@incollection{Sorensen2006251,
	Author = {Morten Heine S{\o}rensen and Pawel Urzyczyin},
	Booktitle = {Lectures on the Curry-Howard Isomorphism},
	Date-Added = {2016-09-28 08:38:52 +0000},
	Date-Modified = {2016-09-28 08:38:52 +0000},
	Doi = {http://dx.doi.org/10.1016/S0049-237X(06)80011-X},
	Editor = {Morten Heine S{\o}rensen and Pawe{\l} Urzyczyin},
	Issn = {0049-237X},
	Pages = {251 - 267},
	Publisher = {Elsevier},
	Series = {Studies in Logic and the Foundations of Mathematics},
	Title = {Chapter 10 - G{\"o}del's system T},
	Url = {http://www.sciencedirect.com/science/article/pii/S0049237X0680011X},
	Volume = {149},
	Year = {2006},
	Bdsk-Url-1 = {http://www.sciencedirect.com/science/article/pii/S0049237X0680011X},
	Bdsk-Url-2 = {http://dx.doi.org/10.1016/S0049-237X(06)80011-X}}

@incollection{Sorensen2006269,
	Author = {Morten Heine S{\o}rensen and Pawel Urzyczyin},
	Booktitle = {Lectures on the Curry-Howard Isomorphism},
	Date-Added = {2016-09-28 08:38:52 +0000},
	Date-Modified = {2016-09-28 08:38:52 +0000},
	Doi = {http://dx.doi.org/10.1016/S0049-237X(06)80012-1},
	Editor = {Morten Heine S{\o}rensen and Pawe{\l} Urzyczyin},
	Issn = {0049-237X},
	Pages = {269 - 302},
	Publisher = {Elsevier},
	Series = {Studies in Logic and the Foundations of Mathematics},
	Title = {Chapter 11 - Second-order logic polymorphism},
	Url = {http://www.sciencedirect.com/science/article/pii/S0049237X06800121},
	Volume = {149},
	Year = {2006},
	Bdsk-File-1 = {YnBsaXN0MDDSAQIDBFxyZWxhdGl2ZVBhdGhZYWxpYXNEYXRhXxA6Li4vLi4vRG93bmxvYWRzL0NhbWJyaWRnZUNvcmVfQ2l0YXRpb25FeHBvcnRfMTlKdW4yMDE4LnR4dE8RAaYAAAAAAaYAAgAABk1tTDE0aQAAAAAAAAAAAAAAAAAAAAAAAAAAAAAAAABCRAAB/////x9DYW1icmlkZ2VDb3JlX0NpdGEjRkZGRkZGRkYudHh0AAAAAAAAAAAAAAAAAAAAAAAAAAAAAAAAAAAAAAAAAAD/////AAAAAAAAAAAAAAAAAAIAAgAACiBjdQAAAAAAAAAAAAAAAAAJRG93bmxvYWRzAAACAEAvOlVzZXJzOmFYbTpEb3dubG9hZHM6Q2FtYnJpZGdlQ29yZV9DaXRhdGlvbkV4cG9ydF8xOUp1bjIwMTgudHh0AA4AVgAqAEMAYQBtAGIAcgBpAGQAZwBlAEMAbwByAGUAXwBDAGkAdABhAHQAaQBvAG4ARQB4AHAAbwByAHQAXwAxADkASgB1AG4AMgAwADEAOAAuAHQAeAB0AA8ADgAGAE0AbQBMADEANABpABIAPlVzZXJzL2FYbS9Eb3dubG9hZHMvQ2FtYnJpZGdlQ29yZV9DaXRhdGlvbkV4cG9ydF8xOUp1bjIwMTgudHh0ABMAAS8AABUAAgAK//8AAAAIAA0AGgAkAGEAAAAAAAACAQAAAAAAAAAFAAAAAAAAAAAAAAAAAAACCw==},
	Bdsk-Url-1 = {http://www.sciencedirect.com/science/article/pii/S0049237X06800121},
	Bdsk-Url-2 = {http://dx.doi.org/10.1016/S0049-237X(06)80012-1}}

@incollection{Sorensen2006303,
	Author = {Morten Heine S{\o}rensen and Pawel Urzyczyin},
	Booktitle = {Lectures on the Curry-Howard Isomorphism},
	Date-Added = {2016-09-28 08:38:52 +0000},
	Date-Modified = {2016-09-28 08:38:52 +0000},
	Doi = {http://dx.doi.org/10.1016/S0049-237X(06)80013-3},
	Editor = {Morten Heine S{\o}rensen and Pawe{\l} Urzyczyin},
	Issn = {0049-237X},
	Pages = {303 - 324},
	Publisher = {Elsevier},
	Series = {Studies in Logic and the Foundations of Mathematics},
	Title = {Chapter 12 - Second-order arithmetic},
	Url = {http://www.sciencedirect.com/science/article/pii/S0049237X06800133},
	Volume = {149},
	Year = {2006},
	Bdsk-Url-1 = {http://www.sciencedirect.com/science/article/pii/S0049237X06800133},
	Bdsk-Url-2 = {http://dx.doi.org/10.1016/S0049-237X(06)80013-3}}

@incollection{Sorensen2006325,
	Author = {Morten Heine S{\o}rensen and Pawel Urzyczyin},
	Booktitle = {Lectures on the Curry-Howard Isomorphism},
	Date-Added = {2016-09-28 08:38:52 +0000},
	Date-Modified = {2016-09-28 08:38:52 +0000},
	Doi = {http://dx.doi.org/10.1016/S0049-237X(06)80014-5},
	Editor = {Morten Heine S{\o}rensen and Pawe{\l} Urzyczyin},
	Issn = {0049-237X},
	Pages = {325 - 341},
	Publisher = {Elsevier},
	Series = {Studies in Logic and the Foundations of Mathematics},
	Title = {Chapter 13 - Dependent types},
	Url = {http://www.sciencedirect.com/science/article/pii/S0049237X06800145},
	Volume = {149},
	Year = {2006},
	Bdsk-Url-1 = {http://www.sciencedirect.com/science/article/pii/S0049237X06800145},
	Bdsk-Url-2 = {http://dx.doi.org/10.1016/S0049-237X(06)80014-5}}

@incollection{Sorensen2006343,
	Author = {Morten Heine S{\o}rensen and Pawel Urzyczyin},
	Booktitle = {Lectures on the Curry-Howard Isomorphism},
	Date-Added = {2016-09-28 08:38:52 +0000},
	Date-Modified = {2016-09-28 08:38:52 +0000},
	Doi = {http://dx.doi.org/10.1016/S0049-237X(06)80015-7},
	Editor = {Morten Heine S{\o}rensen and Pawe{\l} Urzyczyin},
	Issn = {0049-237X},
	Pages = {343 - 359},
	Publisher = {Elsevier},
	Series = {Studies in Logic and the Foundations of Mathematics},
	Title = {Chapter 14 - Pure type systems and the $\lambda$-cube},
	Url = {http://www.sciencedirect.com/science/article/pii/S0049237X06800157},
	Volume = {149},
	Year = {2006},
	Bdsk-Url-1 = {http://www.sciencedirect.com/science/article/pii/S0049237X06800157},
	Bdsk-Url-2 = {http://dx.doi.org/10.1016/S0049-237X(06)80015-7}}

@incollection{tagkey2006361,
	Booktitle = {Lectures on the Curry-Howard Isomorphism},
	Date-Added = {2016-09-28 08:38:52 +0000},
	Date-Modified = {2016-09-28 08:38:52 +0000},
	Doi = {http://dx.doi.org/10.1016/S0049-237X(06)80016-9},
	Editor = {Morten Heine S{\o}rensen and Pawe{\l} Urzyczyin},
	Issn = {0049-237X},
	Key = {tagkey2006361},
	Pages = {361 - 371},
	Publisher = {Elsevier},
	Series = {Studies in Logic and the Foundations of Mathematics},
	Title = {Mathematical background},
	Url = {http://www.sciencedirect.com/science/article/pii/S0049237X06800169},
	Volume = {149},
	Year = {2006},
	Bdsk-Url-1 = {http://www.sciencedirect.com/science/article/pii/S0049237X06800169},
	Bdsk-Url-2 = {http://dx.doi.org/10.1016/S0049-237X(06)80016-9}}

@incollection{tagkey2006373,
	Booktitle = {Lectures on the Curry-Howard Isomorphism},
	Date-Added = {2016-09-28 08:38:52 +0000},
	Date-Modified = {2016-09-28 08:38:52 +0000},
	Doi = {http://dx.doi.org/10.1016/S0049-237X(06)80017-0},
	Editor = {Morten Heine S{\o}rensen and Pawe{\l} Urzyczyin},
	Issn = {0049-237X},
	Key = {tagkey2006373},
	Pages = {373 - 402},
	Publisher = {Elsevier},
	Series = {Studies in Logic and the Foundations of Mathematics},
	Title = {Solutions and hints to selected exercises},
	Url = {http://www.sciencedirect.com/science/article/pii/S0049237X06800170},
	Volume = {149},
	Year = {2006},
	Bdsk-Url-1 = {http://www.sciencedirect.com/science/article/pii/S0049237X06800170},
	Bdsk-Url-2 = {http://dx.doi.org/10.1016/S0049-237X(06)80017-0}}

@incollection{Sorensen2006403,
	Author = {M.H. S{\o}rensen and P. Urzyczyn},
	Booktitle = {Lectures on the Curry-Howard Isomorphism},
	Date-Added = {2016-09-28 08:38:52 +0000},
	Date-Modified = {2016-09-28 08:38:52 +0000},
	Doi = {http://dx.doi.org/10.1016/S0049-237X(06)80018-2},
	Editor = {Morten Heine S{\o}rensen and Pawe{\l} Urzyczyin},
	Issn = {0049-237X},
	Pages = {403 - 430},
	Publisher = {Elsevier},
	Series = {Studies in Logic and the Foundations of Mathematics},
	Title = {Bibliography},
	Url = {http://www.sciencedirect.com/science/article/pii/S0049237X06800182},
	Volume = {149},
	Year = {2006},
	Bdsk-Url-1 = {http://www.sciencedirect.com/science/article/pii/S0049237X06800182},
	Bdsk-Url-2 = {http://dx.doi.org/10.1016/S0049-237X(06)80018-2}}

@incollection{tagkey2006431,
	Booktitle = {Lectures on the Curry-Howard Isomorphism},
	Date-Added = {2016-09-28 08:38:52 +0000},
	Date-Modified = {2016-09-28 08:38:52 +0000},
	Doi = {http://dx.doi.org/10.1016/S0049-237X(06)80019-4},
	Editor = {Morten Heine S{\o}rensen and Pawe{\l} Urzyczyin},
	Issn = {0049-237X},
	Key = {tagkey2006431},
	Pages = {431 - 442},
	Publisher = {Elsevier},
	Series = {Studies in Logic and the Foundations of Mathematics},
	Title = {Index},
	Url = {http://www.sciencedirect.com/science/article/pii/S0049237X06800194},
	Volume = {149},
	Year = {2006},
	Bdsk-Url-1 = {http://www.sciencedirect.com/science/article/pii/S0049237X06800194},
	Bdsk-Url-2 = {http://dx.doi.org/10.1016/S0049-237X(06)80019-4}}

@incollection{Sorensen200655,
	Author = {Morten Heine S{\o}rensen and Pawel Urzyczyin},
	Booktitle = {Lectures on the Curry-Howard Isomorphism},
	Date-Added = {2016-09-28 08:37:46 +0000},
	Date-Modified = {2016-09-28 08:37:46 +0000},
	Doi = {http://dx.doi.org/10.1016/S0049-237X(06)80004-2},
	Editor = {Morten Heine S{\o}rensen and Pawe{\l} Urzyczyin},
	Issn = {0049-237X},
	Pages = {55 - 76},
	Publisher = {Elsevier},
	Series = {Studies in Logic and the Foundations of Mathematics},
	Title = {Chapter 3 - Simply typed $\lambda$-calculus},
	Url = {http://www.sciencedirect.com/science/article/pii/S0049237X06800042},
	Volume = {149},
	Year = {2006},
	Bdsk-Url-1 = {http://www.sciencedirect.com/science/article/pii/S0049237X06800042},
	Bdsk-Url-2 = {http://dx.doi.org/10.1016/S0049-237X(06)80004-2}}

@incollection{Sorensen200627,
	Author = {Morten Heine S{\o}rensen and Pawel Urzyczyin},
	Booktitle = {Lectures on the Curry-Howard Isomorphism},
	Date-Added = {2016-09-28 08:37:35 +0000},
	Date-Modified = {2016-09-28 08:37:35 +0000},
	Doi = {http://dx.doi.org/10.1016/S0049-237X(06)80003-0},
	Editor = {Morten Heine S{\o}rensen and Pawe{\l} Urzyczyin},
	Issn = {0049-237X},
	Pages = {27 - 54},
	Publisher = {Elsevier},
	Series = {Studies in Logic and the Foundations of Mathematics},
	Title = {Chapter 2 - Intuitionistic logic},
	Url = {http://www.sciencedirect.com/science/article/pii/S0049237X06800030},
	Volume = {149},
	Year = {2006},
	Bdsk-Url-1 = {http://www.sciencedirect.com/science/article/pii/S0049237X06800030},
	Bdsk-Url-2 = {http://dx.doi.org/10.1016/S0049-237X(06)80003-0}}

@incollection{Sorensen20061,
	Author = {M.H. S{\o}rensen and P. Urzyczyn},
	Booktitle = {Lectures on the Curry-Howard Isomorphism},
	Date-Added = {2016-09-28 08:37:21 +0000},
	Date-Modified = {2016-09-28 08:37:21 +0000},
	Doi = {http://dx.doi.org/10.1016/S0049-237X(06)80002-9},
	Editor = {Morten Heine S{\o}rensen and Pawe{\l} Urzyczyin},
	Issn = {0049-237X},
	Pages = {1 - 25},
	Publisher = {Elsevier},
	Series = {Studies in Logic and the Foundations of Mathematics},
	Title = {Chapter 1 - Type-free $\lambda$-calculus},
	Url = {http://www.sciencedirect.com/science/article/pii/S0049237X06800029},
	Volume = {149},
	Year = {2006},
	Bdsk-Url-1 = {http://www.sciencedirect.com/science/article/pii/S0049237X06800029},
	Bdsk-Url-2 = {http://dx.doi.org/10.1016/S0049-237X(06)80002-9}}

@incollection{tagkey2006v,
	Booktitle = {Lectures on the Curry-Howard Isomorphism},
	Date-Added = {2016-09-28 08:36:42 +0000},
	Date-Modified = {2016-09-28 08:36:42 +0000},
	Doi = {http://dx.doi.org/10.1016/S0049-237X(06)80001-7},
	Editor = {Morten Heine S{\o}rensen and Pawe{\l} Urzyczyin},
	Issn = {0049-237X},
	Key = {tagkey2006v},
	Pages = {v - ix},
	Publisher = {Elsevier},
	Series = {Studies in Logic and the Foundations of Mathematics},
	Title = {Preface},
	Url = {http://www.sciencedirect.com/science/article/pii/S0049237X06800017},
	Volume = {149},
	Year = {2006},
	Bdsk-Url-1 = {http://www.sciencedirect.com/science/article/pii/S0049237X06800017},
	Bdsk-Url-2 = {http://dx.doi.org/10.1016/S0049-237X(06)80001-7}}

@incollection{tagkey2006iv,
	Booktitle = {Lectures on the Curry-Howard Isomorphism},
	Date-Added = {2016-09-28 08:36:29 +0000},
	Date-Modified = {2016-09-28 08:36:29 +0000},
	Doi = {http://dx.doi.org/10.1016/S0049-237X(06)80500-8},
	Editor = {Morten Heine S{\o}rensen and Pawe{\l} Urzyczyin},
	Issn = {0049-237X},
	Key = {tagkey2006iv},
	Pages = {iv -},
	Publisher = {Elsevier},
	Series = {Studies in Logic and the Foundations of Mathematics},
	Title = {Copyright},
	Url = {http://www.sciencedirect.com/science/article/pii/S0049237X06805008},
	Volume = {149},
	Year = {2006},
	Bdsk-Url-1 = {http://www.sciencedirect.com/science/article/pii/S0049237X06805008},
	Bdsk-Url-2 = {http://dx.doi.org/10.1016/S0049-237X(06)80500-8}}

@incollection{tagkey2006ii,
	Booktitle = {Lectures on the Curry-Howard Isomorphism},
	Date-Added = {2016-09-28 08:36:13 +0000},
	Date-Modified = {2016-09-28 08:36:13 +0000},
	Doi = {http://dx.doi.org/10.1016/S0049-237X(06)80499-4},
	Editor = {Morten Heine S{\o}rensen and Pawe{\l} Urzyczyin},
	Issn = {0049-237X},
	Key = {tagkey2006ii},
	Pages = {ii -},
	Publisher = {Elsevier},
	Series = {Studies in Logic and the Foundations of Mathematics},
	Title = {Series Page},
	Url = {http://www.sciencedirect.com/science/article/pii/S0049237X06804994},
	Volume = {149},
	Year = {2006},
	Bdsk-Url-1 = {http://www.sciencedirect.com/science/article/pii/S0049237X06804994},
	Bdsk-Url-2 = {http://dx.doi.org/10.1016/S0049-237X(06)80499-4}}

@book{nederpelt2014,
	Abstract = {Type theory is a fast-evolving field at the crossroads of logic, computer science and mathematics. This gentle step-by-step introduction is ideal for graduate students and researchers who need to understand the ins and outs of the mathematical machinery, the role of logical rules therein, the essential contribution of definitions and the decisive nature of well-structured proofs. The authors begin with untyped lambda calculus and proceed to several fundamental type systems, including the well-known and powerful Calculus of Constructions. The book also covers the essence of proof checking and proof development, and the use of dependent type theory to formalise mathematics. The only prerequisite is a basic knowledge of undergraduate mathematics. Carefully chosen examples illustrate the theory throughout. Each chapter ends with a summary of the content, some historical context, suggestions for further reading and a selection of exercises to help readers familiarise themselves with the mat},
	Address = {Cambridge},
	Author = {Rob Nederpelt and Herman Geuvers},
	Date-Added = {2016-09-28 07:47:07 +0000},
	Date-Modified = {2016-09-28 07:47:07 +0000},
	Day = {006},
	Doi = {10.1017/CBO9781139567725},
	Isbn = {9781139567725},
	Month = {11},
	Publisher = {Cambridge University Press},
	Title = {Type Theory and Formal Proof: An Introduction},
	Url = {https://www.cambridge.org/core/books/type-theory-and-formal-proof/0472640AAD34E045C7F140B46A57A67C},
	Year = {2014},
	Bdsk-File-1 = {YnBsaXN0MDDSAQIDBFxyZWxhdGl2ZVBhdGhZYWxpYXNEYXRhXxBGLi4vLi4vRHJvcGJveCAoUGVyc29uYWwpL2JpYmxpb2dyYXBoeS9pdHAvVHlwZSBUaGVvcnkgYW5kIEZvcm1hbCBQcm9vZk8RAaYAAAAAAaYAAgABBT8/PyMyAAAAAAAAAAAAAAAAAAAAAAAAAAAAAAAAAABCRAAB/////xxUeXBlIFRoZW9yeSBhbmQgRm9ybWFsIFByb29mAAAAAAAAAAAAAAAAAAAAAAAAAAAAAAAAAAAAAAAAAAAAAAD/////AAAAAAAAAAAAAAAAAAIABAAACiBjdQAAAAAAAAAAAAAAAAADaXRwAAACAE0vOlVzZXJzOmFsbTpEcm9wYm94IChQZXJzb25hbCk6YmlibGlvZ3JhcGh5Oml0cDpUeXBlIFRoZW9yeSBhbmQgRm9ybWFsIFByb29mLwAADgA6ABwAVAB5AHAAZQAgAFQAaABlAG8AcgB5ACAAYQBuAGQAIABGAG8AcgBtAGEAbAAgAFAAcgBvAG8AZgAPABYACgOYA7UDvAO5AwEDwwO6A8UDwQOxABIASlVzZXJzL2FsbS9Ecm9wYm94IChQZXJzb25hbCkvYmlibGlvZ3JhcGh5L2l0cC9UeXBlIFRoZW9yeSBhbmQgRm9ybWFsIFByb29mABMAAS8AABUAAgAK//8AAAAIAA0AGgAkAG0AAAAAAAACAQAAAAAAAAAFAAAAAAAAAAAAAAAAAAACFw==},
	Bdsk-Url-1 = {https://www.cambridge.org/core/books/type-theory-and-formal-proof/0472640AAD34E045C7F140B46A57A67C},
	Bdsk-Url-2 = {http://dx.doi.org/10.1017/CBO9781139567725}}

@techreport{deciding-effectively-propositional-logic-with-equality,
	Abstract = {

Effectively Propositional Logic (EPR), also known as the Bernays-Schoenfinkel class, allows encoding problems that are propositional in nature, but EPR encodings can be exponentially more succinct than purely propositional logic encodings. We recently developed a DPLL-based decision procedure that builds on top of efficient SAT solving techniques to handle the propositional case efficiently while maintaining the succinctness offered by the EPR representation. To achieve the effect, it uses sets of substitutions encoded as binary decision diagrams. It is possible to reduce EPR formulas with equality to pure EPR, but the reduction requires adding axioms for equality and congruence. This approach potentially increases the search space and could defeat the efficiency we are aiming to achieve. We here provide a calculus and decision procedure that handles equality natively. The procedure builds in equality propagation, and allows reducing dependencies on equalities during conflict resolution.


},
	Author = {Ruzica Piskac, Leonardo de Moura, Nikolaj Bjorner},
	Date-Added = {2016-09-15 08:50:27 +0000},
	Date-Modified = {2016-09-15 08:50:27 +0000},
	Month = {December},
	Pages = {25},
	Title = {Deciding Effectively Propositional Logic with Equality},
	Url = {https://www.microsoft.com/en-us/research/publication/deciding-effectively-propositional-logic-with-equality/},
	Year = {2008},
	Bdsk-File-1 = {YnBsaXN0MDDSAQIDBFxyZWxhdGl2ZVBhdGhZYWxpYXNEYXRhXxAuLi4vLi4vRHJvcGJveC9iaWJsaW9ncmFwaHkvRVBSL3RyLTIwMDgtMTgxLnBkZk8RAZQAAAAAAZQAAgAABT8/PyMyAAAAAAAAAAAAAAAAAAAAAAAAAAAAANBcJrhIKwAAAvbW2A90ci0yMDA4LTE4MS5wZGYAAAAAAAAAAAAAAAAAAAAAAAAAAAAAAAAAAAAAAAAAAAAAAAAAAAAAAAAAAAAAAAADC6Uz1Bpg7gAAAAAAAAAAAAIABAAACSAAAAAAAAAAAAAAAAAAAAADRVBSAAAQAAgAANBcCpgAAAARAAgAANQaRM4AAAABABQC9tbYAqEknwIfpaYABP7RAAISdQACAD0/Pz8jMjpVc2VyczoAYWxtOgBEcm9wYm94OgBiaWJsaW9ncmFwaHk6AEVQUjoAdHItMjAwOC0xODEucGRmAAAOACAADwB0AHIALQAyADAAMAA4AC0AMQA4ADEALgBwAGQAZgAPABYACgOYA7UDvAO5AwEDwwO6A8UDwQOxABIAMlVzZXJzL2FsbS9Ecm9wYm94L2JpYmxpb2dyYXBoeS9FUFIvdHItMjAwOC0xODEucGRmABMAAS8AABUAAgAK//8AAAAIAA0AGgAkAFUAAAAAAAACAQAAAAAAAAAFAAAAAAAAAAAAAAAAAAAB7Q==},
	Bdsk-Url-1 = {https://www.microsoft.com/en-us/research/publication/deciding-effectively-propositional-logic-with-equality/}}

@article{LEWIS1980317,
	Abstract = {We analyze the computational complexity of determining whether F is satisfiable when F is a formula of the classical predicate calculus obeying certain syntactic restrictions. For example, for the monadic predicate calculus and the G{\"o}del or 3 {\ldots} ∃∀∀∃ {\ldots} 3 prefix class we obtain lower and upper nondeterministic time bounds of the form cn/log n. The lower bounds are established by using acceptance problems for time-bounded Turing machines and alternating pushdown and stack automata.},
	Author = {Harry R. Lewis},
	Date-Added = {2016-09-15 08:50:21 +0000},
	Date-Modified = {2016-09-15 08:50:21 +0000},
	Doi = {http://dx.doi.org/10.1016/0022-0000(80)90027-6},
	Issn = {0022-0000},
	Journal = {Journal of Computer and System Sciences},
	Number = {3},
	Pages = {317 - 353},
	Title = {Complexity results for classes of quantificational formulas},
	Url = {http://www.sciencedirect.com/science/article/pii/0022000080900276},
	Volume = {21},
	Year = {1980},
	Bdsk-File-1 = {YnBsaXN0MDDSAQIDBFxyZWxhdGl2ZVBhdGhZYWxpYXNEYXRhXxBwLi4vLi4vRHJvcGJveCAoUGVyc29uYWwpL2JpYmxpb2dyYXBoeS9FUFIvQ29tcGxleGl0eSBSZXN1bHRzIGZvciBDbGFzc3NlIG9mIFF1YW50aWZpY2F0aW9uYWwgRm9ybXVsYXMsIExld2lzLnBkZk8RAkwAAAAAAkwAAgAABT8/PyMyAAAAAAAAAAAAAAAAAAAAAAAAAAAAAAAAAABCRAAB/////x9Db21wbGV4aXR5IFJlc3VsdHMjRkZGRkZGRkYucGRmAAAAAAAAAAAAAAAAAAAAAAAAAAAAAAAAAAAAAAAAAAD/////AAAAAAAAAAAAAAAAAAIABAAACiBjdQAAAAAAAAAAAAAAAAADRVBSAAACAHYvOlVzZXJzOmFsbTpEcm9wYm94IChQZXJzb25hbCk6YmlibGlvZ3JhcGh5OkVQUjpDb21wbGV4aXR5IFJlc3VsdHMgZm9yIENsYXNzc2Ugb2YgUXVhbnRpZmljYXRpb25hbCBGb3JtdWxhcywgTGV3aXMucGRmAA4AjgBGAEMAbwBtAHAAbABlAHgAaQB0AHkAIABSAGUAcwB1AGwAdABzACAAZgBvAHIAIABDAGwAYQBzAHMAcwBlACAAbwBmACAAUQB1AGEAbgB0AGkAZgBpAGMAYQB0AGkAbwBuAGEAbAAgAEYAbwByAG0AdQBsAGEAcwAsACAATABlAHcAaQBzAC4AcABkAGYADwAWAAoDmAO1A7wDuQMBA8MDugPFA8EDsQASAHRVc2Vycy9hbG0vRHJvcGJveCAoUGVyc29uYWwpL2JpYmxpb2dyYXBoeS9FUFIvQ29tcGxleGl0eSBSZXN1bHRzIGZvciBDbGFzc3NlIG9mIFF1YW50aWZpY2F0aW9uYWwgRm9ybXVsYXMsIExld2lzLnBkZgATAAEvAAAVAAIACv//AAAACAANABoAJACXAAAAAAAAAgEAAAAAAAAABQAAAAAAAAAAAAAAAAAAAuc=},
	Bdsk-Url-1 = {http://www.sciencedirect.com/science/article/pii/0022000080900276},
	Bdsk-Url-2 = {http://dx.doi.org/10.1016/0022-0000(80)90027-6}}

@article{SS98,
	Author = {Sutcliffe, G.},
	Date-Added = {2016-06-13 04:51:18 +0000},
	Date-Modified = {2016-06-13 04:51:18 +0000},
	Journal = {Journal of Automated Reasoning},
	Number = {4},
	Pages = {337-362},
	Title = {{The TPTP Problem Library and Associated Infrastructure: The FOF and CNF Parts, v3.5.0}},
	Volume = {43},
	Year = {2009},
	Bdsk-File-1 = {YnBsaXN0MDDSAQIDBFxyZWxhdGl2ZVBhdGhZYWxpYXNEYXRhXxBkLi4vLi4vRHJvcGJveCAoUGVyc29uYWwpL2JpYmxpb2dyYXBoeS9TX1QvVGhlIFRQVFAgUHJvYmxlbSBMaWJyYXJ5IGFuZCBBc3NvY2lhdGVkIEluZnJhc3RydWN0dXJlLnBkZk8RAhwAAAAAAhwAAgAABT8/PyMyAAAAAAAAAAAAAAAAAAAAAAAAAAAAAAAAAABCRAAB/////x9UaGUgVFBUUCBQcm9ibGVtIEwjRkZGRkZGRkYucGRmAAAAAAAAAAAAAAAAAAAAAAAAAAAAAAAAAAAAAAAAAAD/////AAAAAAAAAAAAAAAAAAIABAAACiBjdQAAAAAAAAAAAAAAAAADU19UAAACAGovOlVzZXJzOmFsbTpEcm9wYm94IChQZXJzb25hbCk6YmlibGlvZ3JhcGh5OlNfVDpUaGUgVFBUUCBQcm9ibGVtIExpYnJhcnkgYW5kIEFzc29jaWF0ZWQgSW5mcmFzdHJ1Y3R1cmUucGRmAA4AdgA6AFQAaABlACAAVABQAFQAUAAgAFAAcgBvAGIAbABlAG0AIABMAGkAYgByAGEAcgB5ACAAYQBuAGQAIABBAHMAcwBvAGMAaQBhAHQAZQBkACAASQBuAGYAcgBhAHMAdAByAHUAYwB0AHUAcgBlAC4AcABkAGYADwAWAAoDmAO1A7wDuQMBA8MDugPFA8EDsQASAGhVc2Vycy9hbG0vRHJvcGJveCAoUGVyc29uYWwpL2JpYmxpb2dyYXBoeS9TX1QvVGhlIFRQVFAgUHJvYmxlbSBMaWJyYXJ5IGFuZCBBc3NvY2lhdGVkIEluZnJhc3RydWN0dXJlLnBkZgATAAEvAAAVAAIACv//AAAACAANABoAJACLAAAAAAAAAgEAAAAAAAAABQAAAAAAAAAAAAAAAAAAAqs=}}

@proceedings{DBLP:conf/lpar/2007,
	Bibsource = {dblp computer science bibliography, http://dblp.org},
	Biburl = {http://dblp.uni-trier.de/rec/bib/conf/lpar/2007},
	Date-Added = {2016-06-09 09:42:09 +0000},
	Date-Modified = {2016-06-09 09:42:09 +0000},
	Editor = {Nachum Dershowitz and Andrei Voronkov},
	Isbn = {978-3-540-75558-6},
	Publisher = {Springer},
	Series = {Lecture Notes in Computer Science},
	Timestamp = {Fri, 19 Oct 2007 16:51:13 +0200},
	Title = {Logic for Programming, Artificial Intelligence, and Reasoning, 14th International Conference, {LPAR} 2007, Yerevan, Armenia, October 15-19, 2007, Proceedings},
	Volume = {4790},
	Year = {2007}}

@article{Zankl2009,
	Abstract = {This article presents three new approaches to prove termination of rewrite systems with the Knuth--Bendix order efficiently. The constraints for the weight function and for the precedence are encoded in (pseudo-)propositional logic or linear arithmetic and the resulting formula is tested for satisfiability using dedicated solvers. Any satisfying assignment represents a weight function and a precedence such that the induced Knuth--Bendix order orients the rules of the encoded rewrite system from left to right. This means that in contrast to the dedicated methods our approach does not directly solve the problem but transforms it to equivalent formulations for which sophisticated back-ends exist. In order to make all approaches complete we present a method to compute upper bounds on the weights. Furthermore, our encodings take dependency pairs into account to increase the applicability of the order.},
	Author = {Zankl, Harald and Hirokawa, Nao and Middeldorp, Aart},
	Date-Added = {2016-06-09 09:41:37 +0000},
	Date-Modified = {2016-06-09 09:41:37 +0000},
	Doi = {10.1007/s10817-009-9131-z},
	Issn = {1573-0670},
	Journal = {Journal of Automated Reasoning},
	Number = {2},
	Pages = {173--201},
	Title = {KBO Orientability},
	Url = {http://dx.doi.org/10.1007/s10817-009-9131-z},
	Volume = {43},
	Year = {2009},
	Bdsk-Url-1 = {http://dx.doi.org/10.1007/s10817-009-9131-z}}

@book{Hofstadter:1979:GEB:539932,
	Address = {New York, NY, USA},
	Author = {Hofstadter, Douglas R.},
	Date-Added = {2016-06-03 14:21:41 +0000},
	Date-Modified = {2016-06-03 14:25:11 +0000},
	Isbn = {0465026850},
	Publisher = {Basic Books, Inc.},
	Title = {G{\"o}del, {E}scher, {B}ach: {A}n {E}ternal {G}olden {B}raid},
	Year = {1979},
	Bdsk-File-1 = {YnBsaXN0MDDSAQIDBFxyZWxhdGl2ZVBhdGhZYWxpYXNEYXRhbxBzAC4ALgAvAC4ALgAvAEQAcgBvAHAAYgBvAHgAIAAoAFAAZQByAHMAbwBuAGEAbAApAC8AYgBpAGIAbABpAG8AZwByAGEAcABoAHkALwBiAG8AbwBrAHMALwBEAG8AdQBnAGwAYQBzACAASABvAGYAcwB0AGEAZAB0AGUAcgAgAC0AIABHAG8DCABkAGUAbAAsACAARQBzAGMAaABlAHIALAAgAEIAYQBjAGgAIAAtACAAQQBuACAARQB0AGUAcgBuAGEAbAAgAEcAbwBsAGQAZQBuACAAQgByAGEAaQBkAC4AcABkAGZPEQJYAAAAAAJYAAIAAAU/Pz8jMgAAAAAAAAAAAAAAAAAAAAAAAAAAAAAAAAAAQkQAAf////8fRG91Z2xhcyBIb2ZzdGFkdGVyI0ZGRkZGRkZGLnBkZgAAAAAAAAAAAAAAAAAAAAAAAAAAAAAAAAAAAAAAAAAA/////wAAAAAAAAAAAAAAAAACAAQAAAogY3UAAAAAAAAAAAAAAAAABWJvb2tzAAACAHovOlVzZXJzOmFsbTpEcm9wYm94IChQZXJzb25hbCk6YmlibGlvZ3JhcGh5OmJvb2tzOkRvdWdsYXMgSG9mc3RhZHRlciAtIEdvzIhkZWwsIEVzY2hlciwgQmFjaCAtIEFuIEV0ZXJuYWwgR29sZGVuIEJyYWlkLnBkZgAOAJAARwBEAG8AdQBnAGwAYQBzACAASABvAGYAcwB0AGEAZAB0AGUAcgAgAC0AIABHAG8DCABkAGUAbAAsACAARQBzAGMAaABlAHIALAAgAEIAYQBjAGgAIAAtACAAQQBuACAARQB0AGUAcgBuAGEAbAAgAEcAbwBsAGQAZQBuACAAQgByAGEAaQBkAC4AcABkAGYADwAWAAoDmAO1A7wDuQMBA8MDugPFA8EDsQASAHhVc2Vycy9hbG0vRHJvcGJveCAoUGVyc29uYWwpL2JpYmxpb2dyYXBoeS9ib29rcy9Eb3VnbGFzIEhvZnN0YWR0ZXIgLSBHb8yIZGVsLCBFc2NoZXIsIEJhY2ggLSBBbiBFdGVybmFsIEdvbGRlbiBCcmFpZC5wZGYAEwABLwAAFQACAAr//wAAAAgADQAaACQBDQAAAAAAAAIBAAAAAAAAAAUAAAAAAAAAAAAAAAAAAANp}}

@booklet{GM2013ar,
	Author = {Georg Moser},
	Date-Added = {2016-06-03 13:54:26 +0000},
	Date-Modified = {2016-06-03 13:55:02 +0000},
	Title = {{L}ecture {N}otes -- {M}odule {A}utomated {R}easoning},
	Year = {2013},
	Bdsk-File-1 = {YnBsaXN0MDDSAQIDBFxyZWxhdGl2ZVBhdGhZYWxpYXNEYXRhXxA7Li4vLi4vRHJvcGJveCAoUGVyc29uYWwpL2JpYmxpb2dyYXBoeS9sZWN0dXJlcy9HTTIwMTNhci5wZGZPEQF0AAAAAAF0AAIAAAU/Pz8jMgAAAAAAAAAAAAAAAAAAAAAAAAAAAAAAAAAAQkQAAf////8MR00yMDEzYXIucGRmAAAAAAAAAAAAAAAAAAAAAAAAAAAAAAAAAAAAAAAAAAAAAAAAAAAAAAAAAAAAAAAAAAAA/////wAAAAAAAAAAAAAAAAACAAQAAAogY3UAAAAAAAAAAAAAAAAACGxlY3R1cmVzAAIAQS86VXNlcnM6YWxtOkRyb3Bib3ggKFBlcnNvbmFsKTpiaWJsaW9ncmFwaHk6bGVjdHVyZXM6R00yMDEzYXIucGRmAAAOABoADABHAE0AMgAwADEAMwBhAHIALgBwAGQAZgAPABYACgOYA7UDvAO5AwEDwwO6A8UDwQOxABIAP1VzZXJzL2FsbS9Ecm9wYm94IChQZXJzb25hbCkvYmlibGlvZ3JhcGh5L2xlY3R1cmVzL0dNMjAxM2FyLnBkZgAAEwABLwAAFQACAAr//wAAAAgADQAaACQAYgAAAAAAAAIBAAAAAAAAAAUAAAAAAAAAAAAAAAAAAAHa}}

@book{Okasaki:1998:PFD:280586,
	Address = {New York, NY, USA},
	Author = {Okasaki, Chris},
	Date-Added = {2015-08-12 07:26:30 +0000},
	Date-Modified = {2015-08-12 07:26:30 +0000},
	Isbn = {0-521-63124-6},
	Publisher = {Cambridge University Press},
	Title = {Purely Functional Data Structures},
	Year = {1998},
	Bdsk-File-1 = {YnBsaXN0MDDSAQIDBFxyZWxhdGl2ZVBhdGhZYWxpYXNEYXRhXxBZLi4vLi4vRHJvcGJveCAoUGVyc29uYWwpL2JpYmxpb2dyYXBoeS9ib29rcy9va2FzYWtpLXB1cmVseSBmdW5jdGlvbmFsIGRhdGEgc3RydWN0dXJlcy5wZGZPEQHwAAAAAAHwAAIAAAU/Pz8jMgAAAAAAAAAAAAAAAAAAAAAAAAAAAAAAAAAAQkQAAf////8fb2thc2FraS1wdXJlbHkgZnVuI0ZGRkZGRkZGLnBkZgAAAAAAAAAAAAAAAAAAAAAAAAAAAAAAAAAAAAAAAAAA/////wAAAAAAAAAAAAAAAAACAAQAAAogY3UAAAAAAAAAAAAAAAAABWJvb2tzAAACAF8vOlVzZXJzOmFsbTpEcm9wYm94IChQZXJzb25hbCk6YmlibGlvZ3JhcGh5OmJvb2tzOm9rYXNha2ktcHVyZWx5IGZ1bmN0aW9uYWwgZGF0YSBzdHJ1Y3R1cmVzLnBkZgAADgBcAC0AbwBrAGEAcwBhAGsAaQAtAHAAdQByAGUAbAB5ACAAZgB1AG4AYwB0AGkAbwBuAGEAbAAgAGQAYQB0AGEAIABzAHQAcgB1AGMAdAB1AHIAZQBzAC4AcABkAGYADwAWAAoDmAO1A7wDuQMBA8MDugPFA8EDsQASAF1Vc2Vycy9hbG0vRHJvcGJveCAoUGVyc29uYWwpL2JpYmxpb2dyYXBoeS9ib29rcy9va2FzYWtpLXB1cmVseSBmdW5jdGlvbmFsIGRhdGEgc3RydWN0dXJlcy5wZGYAABMAAS8AABUAAgAK//8AAAAIAA0AGgAkAIAAAAAAAAACAQAAAAAAAAAFAAAAAAAAAAAAAAAAAAACdA==}}

@booklet{axm:SR2,
	Abstract = {First order theorem proving is more than hard.
iProver, an instantiation-based theorem prover, has demonstrated notable performance in competitions
and has been dominating the effectively propositional fragment in automated theorem proving since 2008.
An attempt to extend its power to first order logic with equality is recapped in this report.},
	Author = {Alexander Maringele},
	Date-Added = {2015-07-25 07:51:24 +0000},
	Date-Modified = {2016-11-08 09:16:50 +0000},
	Title = {Seminar Report -- {I}nstantiation-based {T}heorem {P}rover meets {M}aximum {C}ompletion},
	Year = {2015},
	Bdsk-File-1 = {YnBsaXN0MDDSAQIDBFxyZWxhdGl2ZVBhdGhZYWxpYXNEYXRhXxA2Li4vLi4vRHJvcGJveCAoUGVyc29uYWwpL2JpYmxpb2dyYXBoeS9hX20vbTFyZXBvcnQucGRmTxEBZAAAAAABZAACAAAFPz8/IzIAAAAAAAAAAAAAAAAAAAAAAAAAAAAAAAAAAEJEAAH/////DG0xcmVwb3J0LnBkZgAAAAAAAAAAAAAAAAAAAAAAAAAAAAAAAAAAAAAAAAAAAAAAAAAAAAAAAAAAAAAAAAAAAP////8AAAAAAAAAAAAAAAAAAgAEAAAKIGN1AAAAAAAAAAAAAAAAAANhX20AAAIAPC86VXNlcnM6YWxtOkRyb3Bib3ggKFBlcnNvbmFsKTpiaWJsaW9ncmFwaHk6YV9tOm0xcmVwb3J0LnBkZgAOABoADABtADEAcgBlAHAAbwByAHQALgBwAGQAZgAPABYACgOYA7UDvAO5AwEDwwO6A8UDwQOxABIAOlVzZXJzL2FsbS9Ecm9wYm94IChQZXJzb25hbCkvYmlibGlvZ3JhcGh5L2FfbS9tMXJlcG9ydC5wZGYAEwABLwAAFQACAAr//wAAAAgADQAaACQAXQAAAAAAAAIBAAAAAAAAAAUAAAAAAAAAAAAAAAAAAAHF}}

@incollection{BDP1989cwf,
	Abstract = {{. We present an \&quot;unfailing\&quot; extension of the standard KnuthBendix
completion procedure that is guaranteed to produce a desired canonical
system, provided certain conditions are met. We prove that this unfailing
completion method is refutationally complete for theorem proving in
equational theories. The method can also be applied to Horn clauses with
equality, in which case it corresponds to positive unit resolution plus oriented
paramodulation, with unrestricted simplification.
1

This research ...}},
	Address = {New York},
	Author = {Bachmair, Leo and Dershowitz, Nachum and Plaisted, David A.},
	Booktitle = {Resolution of Equations in Algebraic Structures},
	Citeulike-Article-Id = {604165},
	Citeulike-Linkout-0 = {http://citeseerx.ist.psu.edu/viewdoc/summary?doi=10.1.1.52.1275},
	Date-Added = {2015-07-21 04:56:50 +0000},
	Date-Modified = {2017-02-14 08:12:19 +0000},
	Editor = {Kaci, A{\"\i}t H. and Nivat, M.},
	Keywords = {completion, trs, unfailing-completion},
	Pages = {1--30},
	Posted-At = {2006-04-27 05:37:27},
	Priority = {0},
	Publisher = {Academic Press},
	Title = {{Completion Without Failure}},
	Url = {http://citeseerx.ist.psu.edu/viewdoc/summary?doi=10.1.1.52.1275},
	Volume = {2: Rewriting Techniques},
	Year = {1989},
	Bdsk-File-1 = {YnBsaXN0MDDSAQIDBFxyZWxhdGl2ZVBhdGhZYWxpYXNEYXRhXxBfLi4vLi4vRHJvcGJveCAoUGVyc29uYWwpL2JpYmxpb2dyYXBoeS9QdWJsaXNoZWQsIGJ5IFRpdGxlL0NvbXBsZXRpb24gd2l0aG91dCBGYWlsdXJlICgxOTg5KS5wZGZPEQH6AAAAAAH6AAIAAAU/Pz8jMgAAAAAAAAAAAAAAAAAAAAAAAAAAAAAAAAAAQkQAAf////8fQ29tcGxldGlvbiB3aXRob3V0I0ZGRkZGRkZGLnBkZgAAAAAAAAAAAAAAAAAAAAAAAAAAAAAAAAAAAAAAAAAA/////wAAAAAAAAAAAAAAAAACAAQAAAogY3UAAAAAAAAAAAAAAAAAE1B1Ymxpc2hlZCwgYnkgVGl0bGUAAAIAZS86VXNlcnM6YWxtOkRyb3Bib3ggKFBlcnNvbmFsKTpiaWJsaW9ncmFwaHk6UHVibGlzaGVkLCBieSBUaXRsZTpDb21wbGV0aW9uIHdpdGhvdXQgRmFpbHVyZSAoMTk4OSkucGRmAAAOAEwAJQBDAG8AbQBwAGwAZQB0AGkAbwBuACAAdwBpAHQAaABvAHUAdAAgAEYAYQBpAGwAdQByAGUAIAAoADEAOQA4ADkAKQAuAHAAZABmAA8AFgAKA5gDtQO8A7kDAQPDA7oDxQPBA7EAEgBjVXNlcnMvYWxtL0Ryb3Bib3ggKFBlcnNvbmFsKS9iaWJsaW9ncmFwaHkvUHVibGlzaGVkLCBieSBUaXRsZS9Db21wbGV0aW9uIHdpdGhvdXQgRmFpbHVyZSAoMTk4OSkucGRmAAATAAEvAAAVAAIACv//AAAACAANABoAJACGAAAAAAAAAgEAAAAAAAAABQAAAAAAAAAAAAAAAAAAAoQ=},
	Bdsk-Url-1 = {http://citeseerx.ist.psu.edu/viewdoc/summary?doi=10.1.1.52.1275}}

@article{journals/jacm/BachmairD94,
	Added-At = {2003-11-20T00:00:00.000+0100},
	Author = {Bachmair, Leo and Dershowitz, Nachum},
	Biburl = {http://www.bibsonomy.org/bibtex/242041289d083bd88eb3ee02a620437a5/dblp},
	Date = {2003-11-20},
	Date-Added = {2015-07-21 04:52:10 +0000},
	Date-Modified = {2015-07-21 04:52:10 +0000},
	Description = {dblp},
	Ee = {http://doi.acm.org/10.1145/174652.174655},
	Interhash = {ee4082f40c581b80d9d44253f8f3703a},
	Intrahash = {42041289d083bd88eb3ee02a620437a5},
	Journal = {J. ACM},
	Keywords = {dblp},
	Number = 2,
	Pages = {236-276},
	Timestamp = {2003-11-20T00:00:00.000+0100},
	Title = {Equational Inference, Canonical Proofs, and Proof Orderings.},
	Url = {http://dblp.uni-trier.de/db/journals/jacm/jacm41.html#BachmairD94},
	Volume = 41,
	Year = 1994,
	Bdsk-Url-1 = {http://dblp.uni-trier.de/db/journals/jacm/jacm41.html#BachmairD94}}

@inproceedings{conf/lics/BachmairDH86,
	Added-At = {2015-01-22T00:00:00.000+0100},
	Author = {Bachmair, Leo and Dershowitz, Nachum and Hsiang, Jieh},
	Biburl = {http://www.bibsonomy.org/bibtex/24a6daef92722e9518e085ca376c46501/dblp},
	Booktitle = {LICS},
	Crossref = {conf/lics/1986},
	Date-Added = {2015-07-21 04:46:22 +0000},
	Date-Modified = {2015-07-21 04:46:22 +0000},
	Interhash = {b0e6e954359419422a09f6c292298c47},
	Intrahash = {4a6daef92722e9518e085ca376c46501},
	Isbn = {0-8186-0720-3},
	Keywords = {dblp},
	Pages = {346-357},
	Publisher = {IEEE Computer Society},
	Timestamp = {2015-06-20T03:11:52.000+0200},
	Title = {Orderings for Equational Proofs},
	Url = {http://dblp.uni-trier.de/db/conf/lics/lics86.html#BachmairDH86},
	Year = 1986,
	Bdsk-Url-1 = {http://dblp.uni-trier.de/db/conf/lics/lics86.html#BachmairDH86}}

@article{Huet198111,
	Abstract = {We give in this paper a complete description of the Knuth-Bendix completion algorithm. We prove its correctness in full, isolating carefully the essential abstract notions, so that the proof may be extended to other versions and extensions of the basic algorithm. We show that it defines a semidecision algorithm for the validity problem in the equational theories for which it applies, yielding a decision procedure whenever the algorithm terminates. },
	Annote = {doi:10.1016/0022-0000(81)90002-7},
	Author = {G{\'e}rard Huet},
	Date-Added = {2015-07-15 17:35:55 +0000},
	Date-Modified = {2016-06-06 06:13:54 +0000},
	Doi = {http://dx.doi.org/10.1016/0022-0000(81)90002-7},
	Issn = {0022-0000},
	Journal = {Journal of Computer and System Sciences},
	Number = {1},
	Pages = {11 - 21},
	Title = {A complete proof of correctness of the Knuth-Bendix completion algorithm},
	Url = {http://www.sciencedirect.com/science/article/pii/0022000081900027},
	Volume = {23},
	Year = {1981},
	Bdsk-File-1 = {YnBsaXN0MDDSAQIDBFxyZWxhdGl2ZVBhdGhZYWxpYXNEYXRhXxCpLi4vLi4vRHJvcGJveCAoUGVyc29uYWwpL2JpYmxpb2dyYXBoeS9KQ1NTLTIzLTEvQS1jb21wbGV0ZS1wcm9vZi1vZi1jb3JyZWN0bmVzcy1vZi10aGUtS251dGgtQmVuZGl4LWNvbXBsZXRpb24tYWxnb3JpdGhtXzE5ODFfSm91cm5hbC1vZi1Db21wdXRlci1hbmQtU3lzdGVtLVNjaWVuY2VzLnBkZk8RAywAAAAAAywAAgAABT8/PyMyAAAAAAAAAAAAAAAAAAAAAAAAAAAAAAAAAABCRAAB/////x9BLWNvbXBsZXRlLXByb29mLW8jRkZGRkZGRkYucGRmAAAAAAAAAAAAAAAAAAAAAAAAAAAAAAAAAAAAAAAAAAD/////AAAAAAAAAAAAAAAAAAIABAAACiBjdQAAAAAAAAAAAAAAAAAJSkNTUy0yMy0xAAACAK8vOlVzZXJzOmFsbTpEcm9wYm94IChQZXJzb25hbCk6YmlibGlvZ3JhcGh5OkpDU1MtMjMtMTpBLWNvbXBsZXRlLXByb29mLW9mLWNvcnJlY3RuZXNzLW9mLXRoZS1LbnV0aC1CZW5kaXgtY29tcGxldGlvbi1hbGdvcml0aG1fMTk4MV9Kb3VybmFsLW9mLUNvbXB1dGVyLWFuZC1TeXN0ZW0tU2NpZW5jZXMucGRmAAAOAPQAeQBBAC0AYwBvAG0AcABsAGUAdABlAC0AcAByAG8AbwBmAC0AbwBmAC0AYwBvAHIAcgBlAGMAdABuAGUAcwBzAC0AbwBmAC0AdABoAGUALQBLAG4AdQB0AGgALQBCAGUAbgBkAGkAeAAtAGMAbwBtAHAAbABlAHQAaQBvAG4ALQBhAGwAZwBvAHIAaQB0AGgAbQBfADEAOQA4ADEAXwBKAG8AdQByAG4AYQBsAC0AbwBmAC0AQwBvAG0AcAB1AHQAZQByAC0AYQBuAGQALQBTAHkAcwB0AGUAbQAtAFMAYwBpAGUAbgBjAGUAcwAuAHAAZABmAA8AFgAKA5gDtQO8A7kDAQPDA7oDxQPBA7EAEgCtVXNlcnMvYWxtL0Ryb3Bib3ggKFBlcnNvbmFsKS9iaWJsaW9ncmFwaHkvSkNTUy0yMy0xL0EtY29tcGxldGUtcHJvb2Ytb2YtY29ycmVjdG5lc3Mtb2YtdGhlLUtudXRoLUJlbmRpeC1jb21wbGV0aW9uLWFsZ29yaXRobV8xOTgxX0pvdXJuYWwtb2YtQ29tcHV0ZXItYW5kLVN5c3RlbS1TY2llbmNlcy5wZGYAABMAAS8AABUAAgAK//8AAAAIAA0AGgAkANAAAAAAAAACAQAAAAAAAAAFAAAAAAAAAAAAAAAAAAAEAA==},
	Bdsk-Url-1 = {http://www.sciencedirect.com/science/article/pii/0022000081900027},
	Bdsk-Url-2 = {http://dx.doi.org/10.1016/0022-0000(81)90002-7}}

@incollection{Knuth:1983aa,
	Abstract = {An algorithm is described which is capable of solving certain word problems: i.e. of deciding whether or not two words composed of variables and operators can be proved equal as a consequence of a given set of identities satisfied by the operators. Although the general word problem is well known to be unsolvable, this algorithm provides results in many interesting cases. For example in elementary group theory if we are given the binary operator ·, the unary operator −, and the nullary operator e, the algorithm is capable of deducing from the three identities a · (b · c) = (a · b) · c, a · a − = e, a · e = a, the laws a − · a = e, e · a = a, a − − = a, etc.; and furthermore it can show that a · b = b · a − is not a consequence of the given axioms.
The method is based on a well-ordering of the set of all words, such that each identity can be construed as a ``reduction'', in the sense that the right-hand side of the identity represents a word smaller in the ordering than the left-hand side. A set of reduction identities is said to be ``complete'' when two words are equal as a consequence of the identities if and only if they reduce to the same word by a series of reductions. The method used in this algorithm is essentially to test whether a given set of identities is complete; if it is not complete the algorithm in many cases finds a new consequence of the identities which can be added to the list. The process is repeated until either a complete set is achieved or until an anomalous situation occurs which cannot at present be handled.
Results of several computational experiments using the algorithm are given.},
	Annote = {Knuth, D., Bendix, P.: Simple word problems in universal algebras. In: Leech, J. (ed.) Computational Problems in Abstract Algebra, pp. 263--297. Pergamon Press, Oxford (1970)},
	Author = {Knuth, D.E. and Bendix, P.B.},
	Booktitle = {Automation of Reasoning},
	Date-Added = {2015-07-15 17:32:37 +0000},
	Date-Modified = {2017-02-13 12:36:37 +0000},
	Doi = {10.1007/978-3-642-81955-1_23},
	Editor = {Siekmann, J{\"o}rgH. and Wrightson, Graham},
	Isbn = {978-3-642-81957-5},
	Language = {English},
	Pages = {342-376},
	Publisher = {Springer Berlin Heidelberg},
	Series = {Symbolic Computation},
	Title = {Simple Word Problems in Universal Algebras},
	Url = {http://dx.doi.org/10.1007/978-3-642-81955-1_23},
	Year = {1983},
	Bdsk-Url-1 = {http://dx.doi.org/10.1007/978-3-642-81955-1_23}}

@incollection{Kurihara:2004aa,
	Author = {Kurihara, Masahito and Kondo, Hisashi},
	Booktitle = {Innovations in Applied Artificial Intelligence},
	Date-Added = {2015-07-14 05:13:26 +0000},
	Date-Modified = {2015-07-14 05:13:28 +0000},
	Doi = {10.1007/978-3-540-24677-0_85},
	Editor = {Orchard, Bob and Yang, Chunsheng and Ali, Moonis},
	Isbn = {978-3-540-22007-7},
	Language = {English},
	Pages = {827-837},
	Publisher = {Springer Berlin Heidelberg},
	Series = {Lecture Notes in Computer Science},
	Title = {Efficient BDD Encodings for Partial Order Constraints with Application to Expert Systems in Software Verification},
	Url = {http://dx.doi.org/10.1007/978-3-540-24677-0_85},
	Volume = {3029},
	Year = {2004},
	Bdsk-Url-1 = {http://dx.doi.org/10.1007/978-3-540-24677-0_85}}

@incollection{Codish:2006aa,
	Author = {Codish, Michael and Lagoon, Vitaly and Stuckey, PeterJ.},
	Booktitle = {Term Rewriting and Applications},
	Date-Added = {2015-07-14 05:08:59 +0000},
	Date-Modified = {2015-07-14 05:09:03 +0000},
	Doi = {10.1007/11805618_2},
	Editor = {Pfenning, Frank},
	Isbn = {978-3-540-36834-2},
	Language = {English},
	Pages = {4-18},
	Publisher = {Springer Berlin Heidelberg},
	Series = {Lecture Notes in Computer Science},
	Title = {Solving Partial Order Constraints for LPO Termination},
	Url = {http://dx.doi.org/10.1007/11805618_2},
	Volume = {4098},
	Year = {2006},
	Bdsk-Url-1 = {http://dx.doi.org/10.1007/11805618_2}}

@book{VoronkovWeidenbach13,
	Address = {Heidelberg},
	Author = {Voronkov, Andrei Voronkov and Weidenbach, Christoph},
	Doi = {10.1007/978-3-642-37651-1},
	Isbn = {978-3-642-37650-4},
	Pages = {445},
	Publisher = {Springer},
	Series = {Lecture Notes in Computer Science},
	Title = {Programming Logics - Essays in Memory of Harald Ganzinger},
	Volume = {7797},
	Year = {2013},
	Bdsk-File-1 = {YnBsaXN0MDDSAQIDBFxyZWxhdGl2ZVBhdGhZYWxpYXNEYXRhXxBXLi4vLi4vRHJvcGJveCAoUGVyc29uYWwpL2JpYmxpb2dyYXBoeS9ib29rcy9MTkNTIDc3OTcgRE9JIDEwLjEwMDc6OTc4LTMtNjQyLTM3NjUxLTEucGRmTxEB6AAAAAAB6AACAAAFPz8/IzIAAAAAAAAAAAAAAAAAAAAAAAAAAAAAAAAAAEJEAAH/////H0xOQ1MgNzc5NyBET0kgMTAuMSNGRkZGRkZGRi5wZGYAAAAAAAAAAAAAAAAAAAAAAAAAAAAAAAAAAAAAAAAAAP////8AAAAAAAAAAAAAAAAAAgAEAAAKIGN1AAAAAAAAAAAAAAAAAAVib29rcwAAAgBdLzpVc2VyczphbG06RHJvcGJveCAoUGVyc29uYWwpOmJpYmxpb2dyYXBoeTpib29rczpMTkNTIDc3OTcgRE9JIDEwLjEwMDcvOTc4LTMtNjQyLTM3NjUxLTEucGRmAAAOAFgAKwBMAE4AQwBTACAANwA3ADkANwAgAEQATwBJACAAMQAwAC4AMQAwADAANwAvADkANwA4AC0AMwAtADYANAAyAC0AMwA3ADYANQAxAC0AMQAuAHAAZABmAA8AFgAKA5gDtQO8A7kDAQPDA7oDxQPBA7EAEgBbVXNlcnMvYWxtL0Ryb3Bib3ggKFBlcnNvbmFsKS9iaWJsaW9ncmFwaHkvYm9va3MvTE5DUyA3Nzk3IERPSSAxMC4xMDA3Ojk3OC0zLTY0Mi0zNzY1MS0xLnBkZgAAEwABLwAAFQACAAr//wAAAAgADQAaACQAfgAAAAAAAAIBAAAAAAAAAAUAAAAAAAAAAAAAAAAAAAJq},
	Bdsk-Url-1 = {http://dx.doi.org/10.1007/978-3-642-37651-1}}

@book{Kroening:2008:DPA:1391237,
	Author = {Kroening, Daniel and Strichman, Ofer},
	Date-Added = {2015-06-25 10:08:51 +0000},
	Date-Modified = {2015-06-25 10:08:51 +0000},
	Edition = {1},
	Isbn = {3540741046, 9783540741046},
	Publisher = {Springer Publishing Company, Incorporated},
	Title = {Decision Procedures: An Algorithmic Point of View},
	Year = {2008}}

@book{Huth:2004:LCS:975331,
	Abstract = {Recent years have seen the development of powerful tools for verifying hardware and software systems, as companies worldwide realise the need for improved means of validating their products. There is increasing demand for training in basic methods in formal reasoning so that students can gain proficiency in logic-based verification methods. The second edition of this successful textbook addresses both those requirements, by continuing to provide a clear introduction to formal reasoning which is both relevant to the needs of modern computer science and rigorous enough for practical application. Improvements to the first edition have been made throughout, with extra and expanded sections on SAT solvers, existential/universal second-order logic, micro-models, programming by contract and total correctness. The coverage of model-checking has been substantially updated. Further exercises have been added. Internet support for the book includes worked solutions for all exercises for teachers, and model solutions to some exercises for students.},
	Address = {New York, NY, USA},
	Author = {Huth, Michael and Ryan, Mark},
	Date-Added = {2015-06-25 09:52:43 +0000},
	Date-Modified = {2016-06-06 06:56:51 +0000},
	Isbn = {9780521543101},
	Publisher = {Cambridge University Press},
	Title = {Logic in Computer Science: Modelling and Reasoning About Systems},
	Year = {2004},
	Bdsk-File-1 = {YnBsaXN0MDDSAQIDBFxyZWxhdGl2ZVBhdGhZYWxpYXNEYXRhbxC+AC4ALgAvAC4ALgAvAEQAcgBvAHAAYgBvAHgAIAAoAFAAZQByAHMAbwBuAGEAbAApAC8AYgBpAGIAbABpAG8AZwByAGEAcABoAHkALwBiAG8AbwBrAHMALwBNAC4AIABIAHUAdABoACAAYQBuAGQAIABNAC4AIABSAHkAYQBuACwAICAcAEwAbwBnAGkAYwAgAGkAbgAgAEMAbwBtAHAAdQB0AGUAcgAgAFMAYwBpAGUAbgBjAGUAICATACAATQBvAGQAZQBsAGkAbgBnACAAYQBuAGQAIABSAGUAYQBzAG8AbgBpAG4AZwAgAGEAYgBvAHUAdAAgAHMAeQBzAHQAZQBtAHMgHQAsACAAUwBlAGMAbwBuAGQAIABFAGQAaQB0AGkAbwBuACwAIABDAGEAbQBiAHIAaQBkAGcAZQAgAFUAbgBpAHYAZQByAHMAaQB0AHkAIABQAHIAZQBzAHMALAAgADIAMAAwADQALQBSAGUAZgA4AC4AcABkAGZPEQOOAAAAAAOOAAIAAAU/Pz8jMgAAAAAAAAAAAAAAAAAAAAAAAAAAAAAAAAAAQkQAAf////8fTS4gSHV0aCBhbmQgTS4gUnlhI0ZGRkZGRkZGLnBkZgAAAAAAAAAAAAAAAAAAAAAAAAAAAAAAAAAAAAAAAAAA/////wAAAAAAAAAAAAAAAAACAAQAAAogY3UAAAAAAAAAAAAAAAAABWJvb2tzAAACAMovOlVzZXJzOmFsbTpEcm9wYm94IChQZXJzb25hbCk6YmlibGlvZ3JhcGh5OmJvb2tzOk0uIEh1dGggYW5kIE0uIFJ5YW4sIOKAnExvZ2ljIGluIENvbXB1dGVyIFNjaWVuY2Ug4oCTIE1vZGVsaW5nIGFuZCBSZWFzb25pbmcgYWJvdXQgc3lzdGVtc+KAnSwgU2Vjb25kIEVkaXRpb24sIENhbWJyaWRnZSBVbml2ZXJzaXR5IFByZXNzLCAyMDA0LVJlZjgucGRmAA4BJgCSAE0ALgAgAEgAdQB0AGgAIABhAG4AZAAgAE0ALgAgAFIAeQBhAG4ALAAgIBwATABvAGcAaQBjACAAaQBuACAAQwBvAG0AcAB1AHQAZQByACAAUwBjAGkAZQBuAGMAZQAgIBMAIABNAG8AZABlAGwAaQBuAGcAIABhAG4AZAAgAFIAZQBhAHMAbwBuAGkAbgBnACAAYQBiAG8AdQB0ACAAcwB5AHMAdABlAG0AcyAdACwAIABTAGUAYwBvAG4AZAAgAEUAZABpAHQAaQBvAG4ALAAgAEMAYQBtAGIAcgBpAGQAZwBlACAAVQBuAGkAdgBlAHIAcwBpAHQAeQAgAFAAcgBlAHMAcwAsACAAMgAwADAANAAtAFIAZQBmADgALgBwAGQAZgAPABYACgOYA7UDvAO5AwEDwwO6A8UDwQOxABIAyFVzZXJzL2FsbS9Ecm9wYm94IChQZXJzb25hbCkvYmlibGlvZ3JhcGh5L2Jvb2tzL00uIEh1dGggYW5kIE0uIFJ5YW4sIOKAnExvZ2ljIGluIENvbXB1dGVyIFNjaWVuY2Ug4oCTIE1vZGVsaW5nIGFuZCBSZWFzb25pbmcgYWJvdXQgc3lzdGVtc+KAnSwgU2Vjb25kIEVkaXRpb24sIENhbWJyaWRnZSBVbml2ZXJzaXR5IFByZXNzLCAyMDA0LVJlZjgucGRmABMAAS8AABUAAgAK//8AAAAIAA0AGgAkAaMAAAAAAAACAQAAAAAAAAAFAAAAAAAAAAAAAAAAAAAFNQ==},
	Bdsk-Url-1 = {http://www.cambridge.org/gb/academic/subjects/computer-science/programming-languages-and-applied-logic/logic-computer-science-modelling-and-reasoning-about-systems-2nd-edition?format=PB&isbn=9780521543101}}

@book{Biere:2009:HSV:1550723,
	Address = {Amsterdam, The Netherlands, The Netherlands},
	Author = {Biere, A. and Biere, A. and Heule, M. and van Maaren, H. and Walsh, T.},
	Date-Added = {2015-06-25 09:35:45 +0000},
	Date-Modified = {2015-06-25 09:35:45 +0000},
	Isbn = {1586039296, 9781586039295},
	Publisher = {IOS Press},
	Title = {Handbook of Satisfiability: Volume 185 Frontiers in Artificial Intelligence and Applications},
	Year = {2009}}

@book{Fitting:1996:FLA:230183,
	Address = {Secaucus, NJ, USA},
	Author = {Fitting, Melvin},
	Date-Added = {2015-06-25 09:25:55 +0000},
	Date-Modified = {2016-06-06 07:03:24 +0000},
	Isbn = {978-1-4612-7515-2},
	Publisher = {Springer-Verlag New York, Inc.},
	Title = {First-order Logic and Automated Theorem Proving (2Nd Ed.)},
	Year = {1996},
	Bdsk-Url-1 = {https://books.google.at/books?id=133kBwAAQBAJ&pg=PR10&lpg=PR10&dq=First-order+Logic+and+Automated+Theorem+Proving&source=bl&ots=scFNx1ERDw&sig=UFbGVJFDZ4Cs946Ojm9PWv1AsSs&hl=de&sa=X&ved=0ahUKEwiui6aJ6pLNAhUEAsAKHaXQCu8Q6AEIajAJ#v=onepage&q=First-order%20Logic%20and%20Automated%20Theorem%20Proving&f=false},
	Bdsk-Url-2 = {http://link.springer.com/book/10.1007%2F978-1-4612-2360-3}}

@book{Baader:1998:TR:280474,
	Address = {New York, NY, USA},
	Author = {Baader, Franz and Nipkow, Tobias},
	Date-Added = {2015-06-25 09:19:26 +0000},
	Date-Modified = {2015-06-25 09:19:26 +0000},
	Isbn = {0-521-45520-0},
	Publisher = {Cambridge University Press},
	Title = {Term Rewriting and All That},
	Year = {1998}}

@inproceedings{SW2014wst,
	Author = {Haruhiko Sato and Sarah Winkler},
	Booktitle = {14th WST 2014. Proceedings},
	Date-Added = {2015-06-24 05:06:45 +0000},
	Date-Modified = {2015-06-24 06:12:49 +0000},
	Pages = {80-84},
	Title = {{A} {S}atisfiability {E}ncoding of {D}ependency {P}air {T}echniques for {M}aximal {C}ompletion},
	Year = {2014},
	Bdsk-File-1 = {YnBsaXN0MDDSAQIDBFxyZWxhdGl2ZVBhdGhZYWxpYXNEYXRhXxBHLi4vLi4vRHJvcGJveCAoUGVyc29uYWwpL2JpYmxpb2dyYXBoeS9NYXhpbWFsIENvbXBsZXRpb24vU1cxNF9kcHNhdC5wZGZPEQGaAAAAAAGaAAIAAAU/Pz8jMgAAAAAAAAAAAAAAAAAAAAAAAAAAAAAAAAAAQkQAAf////8OU1cxNF9kcHNhdC5wZGYAAAAAAAAAAAAAAAAAAAAAAAAAAAAAAAAAAAAAAAAAAAAAAAAAAAAAAAAAAAAAAAAA/////wAAAAAAAAAAAAAAAAACAAQAAAogY3UAAAAAAAAAAAAAAAAAEk1heGltYWwgQ29tcGxldGlvbgACAE0vOlVzZXJzOmFsbTpEcm9wYm94IChQZXJzb25hbCk6YmlibGlvZ3JhcGh5Ok1heGltYWwgQ29tcGxldGlvbjpTVzE0X2Rwc2F0LnBkZgAADgAeAA4AUwBXADEANABfAGQAcABzAGEAdAAuAHAAZABmAA8AFgAKA5gDtQO8A7kDAQPDA7oDxQPBA7EAEgBLVXNlcnMvYWxtL0Ryb3Bib3ggKFBlcnNvbmFsKS9iaWJsaW9ncmFwaHkvTWF4aW1hbCBDb21wbGV0aW9uL1NXMTRfZHBzYXQucGRmAAATAAEvAAAVAAIACv//AAAACAANABoAJABuAAAAAAAAAgEAAAAAAAAABQAAAAAAAAAAAAAAAAAAAgw=}}

@article{ZHM2009jar,
	Abstract = {This article presents three new approaches to prove termination of rewrite systems with the Knuth---Bendix order efficiently. The constraints for the weight function and for the precedence are encoded in (pseudo-)propositional logic or linear arithmetic and the resulting formula is tested for satisfiability using dedicated solvers. Any satisfying assignment represents a weight function and a precedence such that the induced Knuth---Bendix order orients the rules of the encoded rewrite system from left to right. This means that in contrast to the dedicated methods our approach does not directly solve the problem but transforms it to equivalent formulations for which sophisticated back-ends exist. In order to make all approaches complete we present a method to compute upper bounds on the weights. Furthermore, our encodings take dependency pairs into account to increase the applicability of the order.},
	Acmid = {1574588},
	Address = {Secaucus, NJ, USA},
	Author = {Zankl, Harald and Hirokawa, Nao and Middeldorp, Aart},
	Date-Added = {2015-05-02 14:48:24 +0000},
	Date-Modified = {2015-05-02 14:57:46 +0000},
	Doi = {10.1007/s10817-009-9131-z},
	Issn = {0168-7433},
	Issue_Date = {August 2009},
	Journal = {Journal of Automated Reasoning},
	Keywords = {Knuth---Bendix order, Term rewriting, Termination},
	Month = aug,
	Number = {2},
	Numpages = {29},
	Pages = {pp.~173--201},
	Publisher = {Springer-Verlag New York, Inc.},
	Title = {{KBO}~{O}rientability},
	Url = {http://dx.doi.org/10.1007/s10817-009-9131-z},
	Volume = {43},
	Year = {2009},
	Bdsk-File-1 = {YnBsaXN0MDDSAQIDBFxyZWxhdGl2ZVBhdGhZYWxpYXNEYXRhXxBPLi4vLi4vRHJvcGJveCAoUGVyc29uYWwpL2JpYmxpb2dyYXBoeS9QdWJsaXNoZWQsIGJ5IFRpdGxlL0tCTyBPcmllbnRhYmlsaXR5LnBkZk8RAboAAAAAAboAAgAABT8/PyMyAAAAAAAAAAAAAAAAAAAAAAAAAAAAAAAAAABCRAAB/////xVLQk8gT3JpZW50YWJpbGl0eS5wZGYAAAAAAAAAAAAAAAAAAAAAAAAAAAAAAAAAAAAAAAAAAAAAAAAAAAAAAAD/////AAAAAAAAAAAAAAAAAAIABAAACiBjdQAAAAAAAAAAAAAAAAATUHVibGlzaGVkLCBieSBUaXRsZQAAAgBVLzpVc2VyczphbG06RHJvcGJveCAoUGVyc29uYWwpOmJpYmxpb2dyYXBoeTpQdWJsaXNoZWQsIGJ5IFRpdGxlOktCTyBPcmllbnRhYmlsaXR5LnBkZgAADgAsABUASwBCAE8AIABPAHIAaQBlAG4AdABhAGIAaQBsAGkAdAB5AC4AcABkAGYADwAWAAoDmAO1A7wDuQMBA8MDugPFA8EDsQASAFNVc2Vycy9hbG0vRHJvcGJveCAoUGVyc29uYWwpL2JpYmxpb2dyYXBoeS9QdWJsaXNoZWQsIGJ5IFRpdGxlL0tCTyBPcmllbnRhYmlsaXR5LnBkZgAAEwABLwAAFQACAAr//wAAAAgADQAaACQAdgAAAAAAAAIBAAAAAAAAAAUAAAAAAAAAAAAAAAAAAAI0},
	Bdsk-Url-1 = {http://dx.doi.org/10.1007/s10817-009-9131-z}}

@phdthesis{SW2013PhD,
	Author = {Sara Winkler},
	Date-Added = {2015-05-01 19:21:59 +0000},
	Date-Modified = {2015-05-01 19:41:50 +0000},
	School = {University of Innsbruck},
	Title = {Termination Tools in Automated Reasoning},
	Year = {2013},
	Bdsk-File-1 = {YnBsaXN0MDDSAQIDBFxyZWxhdGl2ZVBhdGhZYWxpYXNEYXRhXxAzLi4vLi4vRHJvcGJveCAoUGVyc29uYWwpL2JpYmxpb2dyYXBoeS9TVzIwMTNQaEQucGRmTxEBagAAAAABagACAAAFPz8/IzIAAAAAAAAAAAAAAAAAAAAAAAAAAAAAAAAAAEJEAAH/////DVNXMjAxM1BoRC5wZGYAAAAAAAAAAAAAAAAAAAAAAAAAAAAAAAAAAAAAAAAAAAAAAAAAAAAAAAAAAAAAAAAAAP////8AAAAAAAAAAAAAAAAAAgADAAAKIGN1AAAAAAAAAAAAAAAAAAxiaWJsaW9ncmFwaHkAAgA5LzpVc2VyczphbG06RHJvcGJveCAoUGVyc29uYWwpOmJpYmxpb2dyYXBoeTpTVzIwMTNQaEQucGRmAAAOABwADQBTAFcAMgAwADEAMwBQAGgARAAuAHAAZABmAA8AFgAKA5gDtQO8A7kDAQPDA7oDxQPBA7EAEgA3VXNlcnMvYWxtL0Ryb3Bib3ggKFBlcnNvbmFsKS9iaWJsaW9ncmFwaHkvU1cyMDEzUGhELnBkZgAAEwABLwAAFQACAAr//wAAAAgADQAaACQAWgAAAAAAAAIBAAAAAAAAAAUAAAAAAAAAAAAAAAAAAAHI}}

@booklet{AM2015tr,
	Author = {Aart Middeldorp},
	Date-Added = {2015-04-22 04:46:16 +0000},
	Date-Modified = {2015-04-22 04:51:25 +0000},
	Title = {{L}ecture {N}otes -- {T}erm {R}ewriting},
	Year = {2015},
	Bdsk-File-1 = {YnBsaXN0MDDSAQIDBFxyZWxhdGl2ZVBhdGhZYWxpYXNEYXRhXxA8Li4vLi4vRHJvcGJveCAoUGVyc29uYWwpL2JpYmxpb2dyYXBoeS9sZWN0dXJlcy9BTTIwMTV0cnMucGRmTxEBdgAAAAABdgACAAAFPz8/IzIAAAAAAAAAAAAAAAAAAAAAAAAAAAAAAAAAAEJEAAH/////DUFNMjAxNXRycy5wZGYAAAAAAAAAAAAAAAAAAAAAAAAAAAAAAAAAAAAAAAAAAAAAAAAAAAAAAAAAAAAAAAAAAP////8AAAAAAAAAAAAAAAAAAgAEAAAKIGN1AAAAAAAAAAAAAAAAAAhsZWN0dXJlcwACAEIvOlVzZXJzOmFsbTpEcm9wYm94IChQZXJzb25hbCk6YmlibGlvZ3JhcGh5OmxlY3R1cmVzOkFNMjAxNXRycy5wZGYADgAcAA0AQQBNADIAMAAxADUAdAByAHMALgBwAGQAZgAPABYACgOYA7UDvAO5AwEDwwO6A8UDwQOxABIAQFVzZXJzL2FsbS9Ecm9wYm94IChQZXJzb25hbCkvYmlibGlvZ3JhcGh5L2xlY3R1cmVzL0FNMjAxNXRycy5wZGYAEwABLwAAFQACAAr//wAAAAgADQAaACQAYwAAAAAAAAIBAAAAAAAAAAUAAAAAAAAAAAAAAAAAAAHd}}

@inproceedings{GK2004csl,
	Author = {Harald Ganzinger and Konstantin Korovin},
	Booktitle = {18th CSL 2004. Proceedings},
	Date-Added = {2015-02-22 12:40:07 +0000},
	Date-Modified = {2015-02-22 12:54:57 +0000},
	Pages = {71-84},
	Series = {LNCS},
	Title = {{I}ntegrating {E}quational {R}easoning into {I}nstantiation-{B}ased {T}heorem {P}roving},
	Volume = {3210},
	Year = {2004},
	Bdsk-File-1 = {YnBsaXN0MDDSAQIDBFxyZWxhdGl2ZVBhdGhZYWxpYXNEYXRhXxA7Li4vLi4vRHJvcGJveCAoUGVyc29uYWwpL2JpYmxpb2dyYXBoeS9JbnN0R2VuL0dLMjAwNGNzbC5wZGZPEQF2AAAAAAF2AAIAAAU/Pz8jMgAAAAAAAAAAAAAAAAAAAAAAAAAAAAAAAAAAQkQAAf////8NR0syMDA0Y3NsLnBkZgAAAAAAAAAAAAAAAAAAAAAAAAAAAAAAAAAAAAAAAAAAAAAAAAAAAAAAAAAAAAAAAAAA/////wAAAAAAAAAAAAAAAAACAAQAAAogY3UAAAAAAAAAAAAAAAAAB0luc3RHZW4AAAIAQS86VXNlcnM6YWxtOkRyb3Bib3ggKFBlcnNvbmFsKTpiaWJsaW9ncmFwaHk6SW5zdEdlbjpHSzIwMDRjc2wucGRmAAAOABwADQBHAEsAMgAwADAANABjAHMAbAAuAHAAZABmAA8AFgAKA5gDtQO8A7kDAQPDA7oDxQPBA7EAEgA/VXNlcnMvYWxtL0Ryb3Bib3ggKFBlcnNvbmFsKS9iaWJsaW9ncmFwaHkvSW5zdEdlbi9HSzIwMDRjc2wucGRmAAATAAEvAAAVAAIACv//AAAACAANABoAJABiAAAAAAAAAgEAAAAAAAAABQAAAAAAAAAAAAAAAAAAAdw=}}

@article{HM-IC07,
	Author = {N.~Hirokawa and A.~Middeldorp},
	Journal = {Information and Computation},
	Number = 4,
	Pages = {474--511},
	Title = {Tyrolean Termination Tool: Techniques and Features},
	Volume = 205,
	Year = 2007}

@inproceedings{HM-AISC04,
	Author = {N.~Hirokawa and A.~Middeldorp},
	Booktitle = {Proceedings of the 7th International Conference on Artificial Intelligence and Symbolic Mathematical Computation},
	Pages = {185--198},
	Series = lncs,
	Title = {Polynomial Interpretations with Negative Coefficients},
	Volume = 3249,
	Year = 2004}

@misc{latex:de:kurz,
	Author = {M. Daniel and P. Gundlach and and W. Schmidt and J. Knappen and H. Partl and I. Hyna},
	Date-Modified = {2016-06-06 07:05:49 +0000},
	Note = {\texttt{ctan.org/tex-archive/info/german/LaTeX2e-Kurzbeschreibung}},
	Title = {{L}a{T}e{X}-{K}urzbeschreibung},
	Year = {2015},
	Bdsk-File-1 = {YnBsaXN0MDDSAQIDBFxyZWxhdGl2ZVBhdGhZYWxpYXNEYXRhXxA2Li4vLi4vRHJvcGJveCAoUGVyc29uYWwpL2JpYmxpb2dyYXBoeS9MYVRlWC9sMmt1cnoucGRmTxEBYgAAAAABYgACAAAFPz8/IzIAAAAAAAAAAAAAAAAAAAAAAAAAAAAAAAAAAEJEAAH/////Cmwya3Vyei5wZGYAAAAAAAAAAAAAAAAAAAAAAAAAAAAAAAAAAAAAAAAAAAAAAAAAAAAAAAAAAAAAAAAAAAAAAP////8AAAAAAAAAAAAAAAAAAgAEAAAKIGN1AAAAAAAAAAAAAAAAAAVMYVRlWAAAAgA8LzpVc2VyczphbG06RHJvcGJveCAoUGVyc29uYWwpOmJpYmxpb2dyYXBoeTpMYVRlWDpsMmt1cnoucGRmAA4AFgAKAGwAMgBrAHUAcgB6AC4AcABkAGYADwAWAAoDmAO1A7wDuQMBA8MDugPFA8EDsQASADpVc2Vycy9hbG0vRHJvcGJveCAoUGVyc29uYWwpL2JpYmxpb2dyYXBoeS9MYVRlWC9sMmt1cnoucGRmABMAAS8AABUAAgAK//8AAAAIAA0AGgAkAF0AAAAAAAACAQAAAAAAAAAFAAAAAAAAAAAAAAAAAAABww==},
	Bdsk-File-2 = {YnBsaXN0MDDSAQIDBFxyZWxhdGl2ZVBhdGhZYWxpYXNEYXRhXxA2Li4vLi4vRHJvcGJveCAoUGVyc29uYWwpL2JpYmxpb2dyYXBoeS9MYVRlWC9sc2hvcnQucGRmTxEBYgAAAAABYgACAAAFPz8/IzIAAAAAAAAAAAAAAAAAAAAAAAAAAAAAAAAAAEJEAAH/////CmxzaG9ydC5wZGYAAAAAAAAAAAAAAAAAAAAAAAAAAAAAAAAAAAAAAAAAAAAAAAAAAAAAAAAAAAAAAAAAAAAAAP////8AAAAAAAAAAAAAAAAAAgAEAAAKIGN1AAAAAAAAAAAAAAAAAAVMYVRlWAAAAgA8LzpVc2VyczphbG06RHJvcGJveCAoUGVyc29uYWwpOmJpYmxpb2dyYXBoeTpMYVRlWDpsc2hvcnQucGRmAA4AFgAKAGwAcwBoAG8AcgB0AC4AcABkAGYADwAWAAoDmAO1A7wDuQMBA8MDugPFA8EDsQASADpVc2Vycy9hbG0vRHJvcGJveCAoUGVyc29uYWwpL2JpYmxpb2dyYXBoeS9MYVRlWC9sc2hvcnQucGRmABMAAS8AABUAAgAK//8AAAAIAA0AGgAkAF0AAAAAAAACAQAAAAAAAAAFAAAAAAAAAAAAAAAAAAABww==},
	Bdsk-Url-1 = {http://tug.ctan.org/info/lshort/german/l2kurz.pdf},
	Bdsk-Url-2 = {http://tug.ctan.org/info/lshort/english/lshort.pdf}}

@misc{latex:en:short,
	Author = {T. Oetiker and H. Partl and I. Hyna and E. Schlegl},
	Date-Modified = {2016-06-06 07:05:28 +0000},
	Note = {\texttt{ctan.org/tex-archive/info/lshort/english}},
	Title = {The not so short introduction to {L}a{T}e{X}},
	Year = {2015},
	Bdsk-File-1 = {YnBsaXN0MDDSAQIDBFxyZWxhdGl2ZVBhdGhZYWxpYXNEYXRhXxA2Li4vLi4vRHJvcGJveCAoUGVyc29uYWwpL2JpYmxpb2dyYXBoeS9MYVRlWC9sc2hvcnQucGRmTxEBYgAAAAABYgACAAAFPz8/IzIAAAAAAAAAAAAAAAAAAAAAAAAAAAAAAAAAAEJEAAH/////CmxzaG9ydC5wZGYAAAAAAAAAAAAAAAAAAAAAAAAAAAAAAAAAAAAAAAAAAAAAAAAAAAAAAAAAAAAAAAAAAAAAAP////8AAAAAAAAAAAAAAAAAAgAEAAAKIGN1AAAAAAAAAAAAAAAAAAVMYVRlWAAAAgA8LzpVc2VyczphbG06RHJvcGJveCAoUGVyc29uYWwpOmJpYmxpb2dyYXBoeTpMYVRlWDpsc2hvcnQucGRmAA4AFgAKAGwAcwBoAG8AcgB0AC4AcABkAGYADwAWAAoDmAO1A7wDuQMBA8MDugPFA8EDsQASADpVc2Vycy9hbG0vRHJvcGJveCAoUGVyc29uYWwpL2JpYmxpb2dyYXBoeS9MYVRlWC9sc2hvcnQucGRmABMAAS8AABUAAgAK//8AAAAIAA0AGgAkAF0AAAAAAAACAQAAAAAAAAAFAAAAAAAAAAAAAAAAAAABww==}}

@misc{LIS,
	Author = {C. Heinz and B. Moses},
	Note = {\texttt{ctan.org/tex-} \texttt{archive/macros/latex/contrib/listings}},
	Title = {The \texttt{Listings} package},
	Year = {2007}}

@misc{XY,
	Author = {K. Rose},
	Note = {\texttt{ctan.org/tex-archive/macros/} \texttt{generic/diagrams/xypic/xy/doc/xyguide.pdf}},
	Title = {The \texttt{XY}-pic User's Guide},
	Year = {1999}}

@conference{BT2005,
	Abstract = {In many theorem proving applications, a proper treatment of
  equational theories or equality is mandatory.  In this paper we show
  how to integrate a modern treatment of equality in the Model
  Evolution calculus (ME), a first-order version of the propositional
  DPLL procedure.  The new calculus, MEE, is a proper extension of
  the ME calculus without equality. Like ME it maintains an explicit
  ``candidate model'', which is searched for by DPLL-style splitting.
  For equational reasoning MEE uses an adapted version of the ordered
  paramodulation inference rule, where equations used for
  paramodulation are drawn (only) from the candidate model. The
  calculus also features a generic, semantically justified
  simplification rule which covers many simplification techniques
  known from superposition-style theorem proving.  
  Our main result is the correctness of the MEE calculus in the
  presence of very general redundancy elimination criteria.},
	Author = {Peter Baumgartner and Cesare Tinelli},
	Booktitle = {CADE-20},
	Date-Added = {2014-06-28 08:53:09 +0000},
	Date-Modified = {2014-06-28 09:02:30 +0000},
	Pages = {392-408},
	Title = {{T}he {M}odel {E}volution {C}alculus with {E}quality},
	Url = {http://www.mpi-sb.mpg.de/~baumgart/publications/BaumgartnerTinelli-CADE-20.pdf},
	Year = {2005},
	Bdsk-Url-1 = {http://www.mpi-sb.mpg.de/~baumgart/publications/BaumgartnerTinelli-CADE-20.pdf}}

@inproceedings{Baumgartner:Tinelli:ModelEvolutionCalculusEquality:CADE:2005,
	Abstract = {In many theorem proving applications, a proper treatment of
  equational theories or equality is mandatory.  In this paper we show
  how to integrate a modern treatment of equality in the Model
  Evolution calculus (ME), a first-order version of the propositional
  DPLL procedure.  The new calculus, MEE, is a proper extension of
  the ME calculus without equality. Like ME it maintains an explicit
  ``candidate model'', which is searched for by DPLL-style splitting.
  For equational reasoning MEE uses an adapted version of the ordered
  paramodulation inference rule, where equations used for
  paramodulation are drawn (only) from the candidate model. The
  calculus also features a generic, semantically justified
  simplification rule which covers many simplification techniques
  known from superposition-style theorem proving.  
  Our main result is the correctness of the MEE calculus in the
  presence of very general redundancy elimination criteria.},
	Author = {Peter Baumgartner and Cesare Tinelli},
	Crossref = {CADE:05},
	Date-Added = {2014-06-28 08:53:05 +0000},
	Date-Modified = {2014-06-28 08:53:05 +0000},
	Pages = {392-408},
	Title = {The Model Evolution Calculus with Equality},
	Url = {http://www.mpi-sb.mpg.de/~baumgart/publications/BaumgartnerTinelli-CADE-20.pdf},
	Bdsk-Url-1 = {http://www.mpi-sb.mpg.de/~baumgart/publications/BaumgartnerTinelli-CADE-20.pdf}}

@mastersthesis{Fuchs:Darwin:Thesis:2004,
	Abstract = {The scope of this thesis is the theorem prover Darwin,
                 the first implementation of the Model Evolution calculus,
                 a lifting of the DPLL procedure to first-order logic
                 developed by Baumgartner and Tinelli.
                 Darwin provides an initial evaluation of the calculus' potential
                 and a clean basis for further improvement.

                 After the calculus is sketched
                 the proof procedure and the chosen data structures and algorithms are presented,
                 and it is proven that these constitute
                 a proper instantiation of the calculus preserving soundness and completeness.
                 Darwin is evaluated against the TPTP Problem Library
                 and the CASC competition,
                 thereby demonstrating that for the Bernays-Sch{\"o}nfinkel class
                 Darwin's performance is on par with that of the best provers.
                 Finally, promising ideas on how to improve on the current implementation are pointed out.},
	Author = {Alexander Fuchs},
	Date-Added = {2014-06-28 08:52:30 +0000},
	Date-Modified = {2014-06-28 08:52:30 +0000},
	School = {University of Koblenz-Landau},
	Title = {{D}arwin: {A} {T}heorem {P}rover for the {M}odel {E}volution {C}alculus},
	Year = 2004}

@inproceedings{Baumgartner:Tinelli:ModelEvolutionCalculus:CADE:2003,
	Abstract = {The DPLL procedure, due to Davis, Putnam, Logemann, and
		  Loveland, is the basis of some of the most successful
		  propositional satisfiability solvers to date. Although
		  originally devised as a proof-procedure for first-order
		  logic, it has been used almost exclusively for
		  propositional logic so far because of its highly
		  inefficient treatment of quantifiers, based on
		  instantiation into ground formulas. \par The recent FDPLL
		  calculus by Baumgartner was the first successful attempt to
		  lift the procedure to the first-order level without
		  recurring to ground instantiations. FDPLL lifts to the
		  first-order case the core of the DPLL procedure, the
		  splitting rule, but ignores other aspects of the procedure
		  that, although not necessary for completeness, are crucial
		  for its effectiveness in practice. \par In this paper, we
		  present a new calculus loosely based on FDPLL that lifts
		  these aspects as well. In addition to being a more faithful
		  litfing of the DPLL procedure, the new calculus contains a
		  more systematic treatment of {\em universal literals\/},
		  one of FDPLL's optimizations, and so has the potential of
		  leading to much faster implementations.},
	Author = {Peter Baumgartner and Cesare Tinelli},
	Booktitle = {CADE-19 -- The 19th International Conference on Automated Deduction},
	Date-Added = {2014-06-28 08:35:26 +0000},
	Date-Modified = {2014-06-28 08:35:26 +0000},
	Editor = {Franz Baader},
	Pages = {350-364},
	Publisher = {Springer},
	Series = {Lecture Notes in Artificial Intelligence},
	Title = {{T}he {M}odel {E}volution {C}alculus},
	Url = {http://www.mpi-sb.mpg.de/~baumgart/DARWIN/me-CADE-19.pdf},
	Volume = {2741},
	Year = {2003},
	Bdsk-Url-1 = {http://www.mpi-sb.mpg.de/~baumgart/DARWIN/me-CADE-19.pdf}}

@inproceedings{BT2003,
	Abstract = {The DPLL procedure, due to Davis, Putnam, Logemann, and
		  Loveland, is the basis of some of the most successful
		  propositional satisfiability solvers to date. Although
		  originally devised as a proof-procedure for first-order
		  logic, it has been used almost exclusively for
		  propositional logic so far because of its highly
		  inefficient treatment of quantifiers, based on
		  instantiation into ground formulas. \par The recent FDPLL
		  calculus by Baumgartner was the first successful attempt to
		  lift the procedure to the first-order level without
		  recurring to ground instantiations. FDPLL lifts to the
		  first-order case the core of the DPLL procedure, the
		  splitting rule, but ignores other aspects of the procedure
		  that, although not necessary for completeness, are crucial
		  for its effectiveness in practice. \par In this paper, we
		  present a new calculus loosely based on FDPLL that lifts
		  these aspects as well. In addition to being a more faithful
		  litfing of the DPLL procedure, the new calculus contains a
		  more systematic treatment of {\em universal literals\/},
		  one of FDPLL's optimizations, and so has the potential of
		  leading to much faster implementations.},
	Author = {Peter Baumgartner and Cesare Tinelli},
	Booktitle = {CADE-19. Proceedings},
	Date-Added = {2014-06-28 08:35:11 +0000},
	Date-Modified = {2014-06-28 08:44:48 +0000},
	Pages = {350-364},
	Series = {LNAI},
	Title = {{T}he {M}odel {E}volution {C}alculus},
	Url = {http://www.mpi-sb.mpg.de/~baumgart/DARWIN/me-CADE-19.pdf},
	Volume = {2741},
	Year = {2003},
	Bdsk-Url-1 = {http://www.mpi-sb.mpg.de/~baumgart/DARWIN/me-CADE-19.pdf}}

@inproceedings{KK2008SD,
	Author = {Konstantin Korovin},
	Booktitle = {IJCAR 2008. Proceedings},
	Date-Added = {2014-06-27 17:05:20 +0000},
	Date-Modified = {2015-05-01 19:51:41 +0000},
	Pages = {292-298},
	Title = {{iProver -- An Instantiation-Based Theorem Prover for First-Order Logic (System Description)}},
	Year = {2008},
	Bdsk-File-1 = {YnBsaXN0MDDSAQIDBFxyZWxhdGl2ZVBhdGhZYWxpYXNEYXRhXxBCLi4vLi4vRHJvcGJveCAoUGVyc29uYWwpL2JpYmxpb2dyYXBoeS9JbnN0R2VuL2lwcm92ZXJfZGVzY3JfMDgucGRmTxEBkAAAAAABkAACAAAFPz8/IzIAAAAAAAAAAAAAAAAAAAAAAAAAAAAAAAAAAEJEAAH/////FGlwcm92ZXJfZGVzY3JfMDgucGRmAAAAAAAAAAAAAAAAAAAAAAAAAAAAAAAAAAAAAAAAAAAAAAAAAAAAAAAAAP////8AAAAAAAAAAAAAAAAAAgAEAAAKIGN1AAAAAAAAAAAAAAAAAAdJbnN0R2VuAAACAEgvOlVzZXJzOmFsbTpEcm9wYm94IChQZXJzb25hbCk6YmlibGlvZ3JhcGh5Okluc3RHZW46aXByb3Zlcl9kZXNjcl8wOC5wZGYADgAqABQAaQBwAHIAbwB2AGUAcgBfAGQAZQBzAGMAcgBfADAAOAAuAHAAZABmAA8AFgAKA5gDtQO8A7kDAQPDA7oDxQPBA7EAEgBGVXNlcnMvYWxtL0Ryb3Bib3ggKFBlcnNvbmFsKS9iaWJsaW9ncmFwaHkvSW5zdEdlbi9pcHJvdmVyX2Rlc2NyXzA4LnBkZgATAAEvAAAVAAIACv//AAAACAANABoAJABpAAAAAAAAAgEAAAAAAAAABQAAAAAAAAAAAAAAAAAAAf0=}}

@inproceedings{KK2008,
	Author = {Konstantin Korovin},
	Booktitle = {IJCAR 2008. Proceedings},
	Date-Added = {2014-06-27 17:05:20 +0000},
	Date-Modified = {2015-05-01 19:51:41 +0000},
	Pages = {292-298},
	Title = {{I}nst-{Gen} -- A {M}odular {A}pproch},
	Bdsk-File-1 = {YnBsaXN0MDDSAQIDBFxyZWxhdGl2ZVBhdGhZYWxpYXNEYXRhXxBCLi4vLi4vRHJvcGJveCAoUGVyc29uYWwpL2JpYmxpb2dyYXBoeS9JbnN0R2VuL2luc3RfZ2VuX21vZHVsYXIucGRmTxEBkAAAAAABkAACAAAFPz8/IzIAAAAAAAAAAAAAAAAAAAAAAAAAAAAAAAAAAEJEAAH/////FGluc3RfZ2VuX21vZHVsYXIucGRmAAAAAAAAAAAAAAAAAAAAAAAAAAAAAAAAAAAAAAAAAAAAAAAAAAAAAAAAAP////8AAAAAAAAAAAAAAAAAAgAEAAAKIGN1AAAAAAAAAAAAAAAAAAdJbnN0R2VuAAACAEgvOlVzZXJzOmFsbTpEcm9wYm94IChQZXJzb25hbCk6YmlibGlvZ3JhcGh5Okluc3RHZW46aW5zdF9nZW5fbW9kdWxhci5wZGYADgAqABQAaQBuAHMAdABfAGcAZQBuAF8AbQBvAGQAdQBsAGEAcgAuAHAAZABmAA8AFgAKA5gDtQO8A7kDAQPDA7oDxQPBA7EAEgBGVXNlcnMvYWxtL0Ryb3Bib3ggKFBlcnNvbmFsKS9iaWJsaW9ncmFwaHkvSW5zdEdlbi9pbnN0X2dlbl9tb2R1bGFyLnBkZgATAAEvAAAVAAIACv//AAAACAANABoAJABpAAAAAAAAAgEAAAAAAAAABQAAAAAAAAAAAAAAAAAAAf0=}}

@article{BG1998,
	Author = {Leo Bachmair and Harald Ganzinger},
	Date-Modified = {2014-06-28 06:13:58 +0000},
	Pages = {353-397},
	Title = {Equational Reasoning In Saturation-Based Theorem Proving},
	Year = {1998},
	Bdsk-File-1 = {YnBsaXN0MDDSAQIDBFxyZWxhdGl2ZVBhdGhZYWxpYXNEYXRhXxB2Li4vLi4vRHJvcGJveCAoUGVyc29uYWwpL2JpYmxpb2dyYXBoeS9QdWJsaXNoZWQsIGJ5IFRpdGxlL0VxdWF0aW9uYWwgUmVhc29uaW5nIGluIFNhdHVyYXRpb24gQmFzZWQgVGhlb3JlbSBQcm92aW5nLnBkZk8RAlQAAAAAAlQAAgAABT8/PyMyAAAAAAAAAAAAAAAAAAAAAAAAAAAAAAAAAABCRAAB/////x9FcXVhdGlvbmFsIFJlYXNvbmkjRkZGRkZGRkYucGRmAAAAAAAAAAAAAAAAAAAAAAAAAAAAAAAAAAAAAAAAAAD/////AAAAAAAAAAAAAAAAAAIABAAACiBjdQAAAAAAAAAAAAAAAAATUHVibGlzaGVkLCBieSBUaXRsZQAAAgB8LzpVc2VyczphbG06RHJvcGJveCAoUGVyc29uYWwpOmJpYmxpb2dyYXBoeTpQdWJsaXNoZWQsIGJ5IFRpdGxlOkVxdWF0aW9uYWwgUmVhc29uaW5nIGluIFNhdHVyYXRpb24gQmFzZWQgVGhlb3JlbSBQcm92aW5nLnBkZgAOAHoAPABFAHEAdQBhAHQAaQBvAG4AYQBsACAAUgBlAGEAcwBvAG4AaQBuAGcAIABpAG4AIABTAGEAdAB1AHIAYQB0AGkAbwBuACAAQgBhAHMAZQBkACAAVABoAGUAbwByAGUAbQAgAFAAcgBvAHYAaQBuAGcALgBwAGQAZgAPABYACgOYA7UDvAO5AwEDwwO6A8UDwQOxABIAelVzZXJzL2FsbS9Ecm9wYm94IChQZXJzb25hbCkvYmlibGlvZ3JhcGh5L1B1Ymxpc2hlZCwgYnkgVGl0bGUvRXF1YXRpb25hbCBSZWFzb25pbmcgaW4gU2F0dXJhdGlvbiBCYXNlZCBUaGVvcmVtIFByb3ZpbmcucGRmABMAAS8AABUAAgAK//8AAAAIAA0AGgAkAJ0AAAAAAAACAQAAAAAAAAAFAAAAAAAAAAAAAAAAAAAC9Q==}}

@inproceedings{DBLP:conf/cade/BachmairG98,
	Author = {Leo Bachmair and Harald Ganzinger},
	Bibsource = {DBLP, http://dblp.uni-trier.de},
	Booktitle = {CADE},
	Crossref = {DBLP:conf/cade/1998},
	Ee = {http://link.springer.de/link/service/series/0558/bibs/1421/14210160.htm},
	Pages = {160-174},
	Title = {Strict Basic Superposition},
	Year = {1998}}

@proceedings{DBLP:conf/cade/1998,
	Bibsource = {DBLP, http://dblp.uni-trier.de},
	Booktitle = {CADE},
	Editor = {Claude Kirchner and H{\'e}l{\`e}ne Kirchner},
	Isbn = {3-540-64675-2},
	Publisher = {Springer},
	Series = {Lecture Notes in Computer Science},
	Title = {Automated Deduction - CADE-15, 15th International Conference on Automated Deduction, Lindau, Germany, July 5-10, 1998, Proceedings},
	Volume = {1421},
	Year = {1998}}

@webpage{webDarwin,
	Date-Added = {2014-06-14 05:44:16 +0000},
	Date-Modified = {2014-06-14 05:45:07 +0000},
	Howpublished = {\href{http://combination.cs.uiowa.edu/Darwin/}{combination.cs.uiowa.edu/Darwin/}},
	Keywords = {TPTP},
	Lastchecked = {2014-05-31},
	Title = {Darwin - A theorem Prover for the Model Evolution Calculus},
	Url = {http://www.cs.miami.edu/~tptp/},
	Bdsk-Url-1 = {http://www.cs.man.ac.uk/~sticksec/iprover-eq/},
	Bdsk-Url-2 = {http://www.cs.miami.edu/~tptp/}}

@webpage{webCASC,
	Date-Added = {2014-06-14 05:05:20 +0000},
	Date-Modified = {2014-06-14 05:08:40 +0000},
	Howpublished = {\href{http://www.cs.miami.edu/~tptp/CASC}{www.cs.miami.edu/\~{}tptp/CASC}},
	Keywords = {TPTP},
	Lastchecked = {2014-05-31},
	Title = {The {CADE} ATP System Competition},
	Url = {http://www.cs.miami.edu/~tptp/CASC/},
	Bdsk-Url-1 = {http://www.cs.man.ac.uk/~sticksec/iprover-eq/},
	Bdsk-Url-2 = {http://www.cs.miami.edu/~tptp/CASC/}}

@webpage{webTPTPSyntax,
	Date-Added = {2014-06-14 04:00:44 +0000},
	Date-Modified = {2014-06-14 05:08:47 +0000},
	Howpublished = {\href{http://www.cs.miami.edu/~tptp/TPTP/SyntaxBNF.html}{www.cs.miami.edu/\~{}tptp/TPTP/SyntaxBNF.html}},
	Keywords = {TPTP,Syntax},
	Lastchecked = {2014-05-31},
	Title = {{TPTP} Syntax},
	Url = {http://www.cs.miami.edu/~tptp/TPTP/SyntaxBNF.html},
	Bdsk-Url-1 = {http://www.cs.man.ac.uk/~sticksec/iprover-eq/},
	Bdsk-Url-2 = {http://www.cs.miami.edu/~tptp/TPTP/SyntaxBNF.html}}

@webpage{webTPTP,
	Date-Added = {2014-06-13 17:12:59 +0000},
	Date-Modified = {2014-06-14 05:08:52 +0000},
	Howpublished = {\href{http://www.cs.miami.edu/~tptp/}{www.cs.miami.edu/\~{}tptp}},
	Keywords = {TPTP},
	Lastchecked = {2014-05-31},
	Title = {{TPTP} library of thousands of proplems for theorem provers},
	Url = {http://www.cs.miami.edu/~tptp/},
	Bdsk-Url-1 = {http://www.cs.man.ac.uk/~sticksec/iprover-eq/},
	Bdsk-Url-2 = {http://www.cs.miami.edu/~tptp/}}

@misc{webVampire,
	Author = {Andrei Voronokov},
	Date-Added = {2014-06-13 14:14:17 +0000},
	Date-Modified = {2014-06-13 14:14:17 +0000},
	Howpublished = {\href{http://vprover.org}{vprover.org}},
	Lastchecked = {2014-05-31},
	Month = {June},
	Title = {Vampire's Home Page},
	Url = {http://vprover.org},
	Year = {2014},
	Bdsk-Url-1 = {http://www.cs.man.ac.uk/~korovink/iprover/},
	Bdsk-Url-2 = {http://vprover.org}}

@misc{webKKIP,
	Author = {Konstantin Korovin},
	Date-Added = {2014-06-13 14:11:29 +0000},
	Date-Modified = {2014-06-13 19:00:44 +0000},
	Howpublished = {\href{http://www.cs.man.ac.uk/~korovink/iprover/}{www.cs.man.ac.uk/\~{}korovink/iprover/}},
	Lastchecked = {2014-05-31},
	Month = {June},
	Title = {{iProver}},
	Url = {http://www.cs.man.ac.uk/~korovink/iprover/},
	Year = {2014},
	Bdsk-Url-1 = {http://www.cs.man.ac.uk/~korovink/iprover/}}

@book{AL1997,
	Annote = {http://www.springer.com/de/book/9783642644733},
	Author = {Alexander Leitsch},
	Bibsource = {DBLP, http://dblp.uni-trier.de},
	Date-Added = {2014-06-12 11:15:22 +0000},
	Date-Modified = {2016-06-03 13:37:31 +0000},
	Isbn = {978-3-540-61882-9},
	Pages = {I-VIII, 1-300},
	Publisher = {Springer},
	Series = {Texts in theoretical computer science},
	Title = {The Resolution Calculus},
	Year = {1997},
	Bdsk-File-1 = {YnBsaXN0MDDSAQIDBFxyZWxhdGl2ZVBhdGhZYWxpYXNEYXRhXxBHLi4vLi4vRHJvcGJveCAoUGVyc29uYWwpL2JpYmxpb2dyYXBoeS9ib29rcy9UaGUgUmVzb2x1dGlvbiBDYWxjdWx1cy5wZGZPEQGoAAAAAAGoAAIAAAU/Pz8jMgAAAAAAAAAAAAAAAAAAAAAAAAAAAAAAAAAAQkQAAf////8bVGhlIFJlc29sdXRpb24gQ2FsY3VsdXMucGRmAAAAAAAAAAAAAAAAAAAAAAAAAAAAAAAAAAAAAAAAAAAAAAAA/////wAAAAAAAAAAAAAAAAACAAQAAAogY3UAAAAAAAAAAAAAAAAABWJvb2tzAAACAE0vOlVzZXJzOmFsbTpEcm9wYm94IChQZXJzb25hbCk6YmlibGlvZ3JhcGh5OmJvb2tzOlRoZSBSZXNvbHV0aW9uIENhbGN1bHVzLnBkZgAADgA4ABsAVABoAGUAIABSAGUAcwBvAGwAdQB0AGkAbwBuACAAQwBhAGwAYwB1AGwAdQBzAC4AcABkAGYADwAWAAoDmAO1A7wDuQMBA8MDugPFA8EDsQASAEtVc2Vycy9hbG0vRHJvcGJveCAoUGVyc29uYWwpL2JpYmxpb2dyYXBoeS9ib29rcy9UaGUgUmVzb2x1dGlvbiBDYWxjdWx1cy5wZGYAABMAAS8AABUAAgAK//8AAAAIAA0AGgAkAG4AAAAAAAACAQAAAAAAAAAFAAAAAAAAAAAAAAAAAAACGg==}}

@booklet{GM2015ar,
	Author = {Georg Moser},
	Date-Added = {2014-06-12 10:47:45 +0000},
	Date-Modified = {2016-06-03 13:54:56 +0000},
	Title = {{L}ecture {N}otes -- {M}odule {A}utomated {R}easoning},
	Year = {2015},
	Bdsk-File-1 = {YnBsaXN0MDDSAQIDBFxyZWxhdGl2ZVBhdGhZYWxpYXNEYXRhXxA7Li4vLi4vRHJvcGJveCAoUGVyc29uYWwpL2JpYmxpb2dyYXBoeS9sZWN0dXJlcy9HTTIwMTVhci5wZGZPEQF0AAAAAAF0AAIAAAU/Pz8jMgAAAAAAAAAAAAAAAAAAAAAAAAAAAAAAAAAAQkQAAf////8MR00yMDE1YXIucGRmAAAAAAAAAAAAAAAAAAAAAAAAAAAAAAAAAAAAAAAAAAAAAAAAAAAAAAAAAAAAAAAAAAAA/////wAAAAAAAAAAAAAAAAACAAQAAAogY3UAAAAAAAAAAAAAAAAACGxlY3R1cmVzAAIAQS86VXNlcnM6YWxtOkRyb3Bib3ggKFBlcnNvbmFsKTpiaWJsaW9ncmFwaHk6bGVjdHVyZXM6R00yMDE1YXIucGRmAAAOABoADABHAE0AMgAwADEANQBhAHIALgBwAGQAZgAPABYACgOYA7UDvAO5AwEDwwO6A8UDwQOxABIAP1VzZXJzL2FsbS9Ecm9wYm94IChQZXJzb25hbCkvYmlibGlvZ3JhcGh5L2xlY3R1cmVzL0dNMjAxNWFyLnBkZgAAEwABLwAAFQACAAr//wAAAAgADQAaACQAYgAAAAAAAAIBAAAAAAAAAAUAAAAAAAAAAAAAAAAAAAHa}}

@article{BG1991,
	Author = {Leo Bachmair and Harald Ganzinger},
	Date-Added = {2014-05-31 19:03:54 +0000},
	Date-Modified = {2015-05-11 05:40:46 +0000},
	Journal = {Journal of Logic and Computation},
	Pages = {217-247},
	Title = {{R}ewrite-{B}ased {E}quational {T}heorem {P}roving with {S}election and {S}implification},
	Year = {1991},
	Bdsk-File-1 = {YnBsaXN0MDDSAQIDBFxyZWxhdGl2ZVBhdGhZYWxpYXNEYXRhXxCILi4vLi4vRHJvcGJveCAoUGVyc29uYWwpL2JpYmxpb2dyYXBoeS9QdWJsaXNoZWQsIGJ5IFRpdGxlL1Jld3JpdGUtQmFzZWQgRXF1YXRpb25hbCBUaGVvcmVtIFByb3ZpbmcgV2l0aCBTZWxlY3Rpb24gYW5kIFNpbXBsaWZpY2F0aW9uLnBkZk8RApwAAAAAApwAAgAABT8/PyMyAAAAAAAAAAAAAAAAAAAAAAAAAAAAAAAAAABCRAAB/////x9SZXdyaXRlLUJhc2VkIEVxdWEjRkZGRkZGRkYucGRmAAAAAAAAAAAAAAAAAAAAAAAAAAAAAAAAAAAAAAAAAAD/////AAAAAAAAAAAAAAAAAAIABAAACiBjdQAAAAAAAAAAAAAAAAATUHVibGlzaGVkLCBieSBUaXRsZQAAAgCOLzpVc2VyczphbG06RHJvcGJveCAoUGVyc29uYWwpOmJpYmxpb2dyYXBoeTpQdWJsaXNoZWQsIGJ5IFRpdGxlOlJld3JpdGUtQmFzZWQgRXF1YXRpb25hbCBUaGVvcmVtIFByb3ZpbmcgV2l0aCBTZWxlY3Rpb24gYW5kIFNpbXBsaWZpY2F0aW9uLnBkZgAOAJ4ATgBSAGUAdwByAGkAdABlAC0AQgBhAHMAZQBkACAARQBxAHUAYQB0AGkAbwBuAGEAbAAgAFQAaABlAG8AcgBlAG0AIABQAHIAbwB2AGkAbgBnACAAVwBpAHQAaAAgAFMAZQBsAGUAYwB0AGkAbwBuACAAYQBuAGQAIABTAGkAbQBwAGwAaQBmAGkAYwBhAHQAaQBvAG4ALgBwAGQAZgAPABYACgOYA7UDvAO5AwEDwwO6A8UDwQOxABIAjFVzZXJzL2FsbS9Ecm9wYm94IChQZXJzb25hbCkvYmlibGlvZ3JhcGh5L1B1Ymxpc2hlZCwgYnkgVGl0bGUvUmV3cml0ZS1CYXNlZCBFcXVhdGlvbmFsIFRoZW9yZW0gUHJvdmluZyBXaXRoIFNlbGVjdGlvbiBhbmQgU2ltcGxpZmljYXRpb24ucGRmABMAAS8AABUAAgAK//8AAAAIAA0AGgAkAK8AAAAAAAACAQAAAAAAAAAFAAAAAAAAAAAAAAAAAAADTw==}}

@webpage{webCVC4,
	Date-Added = {2014-05-31 17:22:07 +0000},
	Date-Modified = {2014-06-13 19:01:37 +0000},
	Howpublished = {\href{http://cvc4.cs.nyu.edu/web/}{cvc4.cs.nyu.edu/web/}},
	Keywords = {CVC4},
	Lastchecked = {2014-05-31},
	Month = {June},
	Title = {{CVC4}: the smt solver},
	Url = {http://cvc4.cs.nyu.edu/web/},
	Year = {2014},
	Bdsk-Url-1 = {http://www.cs.man.ac.uk/~korovink/iprover/},
	Bdsk-Url-2 = {http://cvc4.cs.nyu.edu/web/}}

@misc{webCSIPE,
	Author = {Christoph Sticksel},
	Date-Added = {2014-05-31 17:22:07 +0000},
	Date-Modified = {2014-06-13 19:00:53 +0000},
	Howpublished = {\href{http://www.cs.man.ac.uk/~sticksec/iprover-eq/}{www.cs.man.ac.uk/\~{}sticksec/iprover-eq}},
	Lastchecked = {2014-05-31},
	Title = {{iProver-Eq}},
	Url = {http://www.cs.man.ac.uk/~sticksec/iprover-eq/},
	Year = {2014},
	Bdsk-Url-1 = {http://www.cs.man.ac.uk/~sticksec/iprover-eq/}}

@inproceedings{KH2011rta,
	Author = {Dominik Klein and Nao Hirokawa},
	Booktitle = {22nd RTA 2011. Proceedings},
	Date-Added = {2014-05-28 16:03:13 +0000},
	Date-Modified = {2015-05-19 04:16:50 +0000},
	Pages = {71-80},
	Title = {{M}aximal {C}ompletion},
	Year = {2011},
	Bdsk-File-1 = {YnBsaXN0MDDSAQIDBFxyZWxhdGl2ZVBhdGhZYWxpYXNEYXRhXxBELi4vLi4vRHJvcGJveCAoUGVyc29uYWwpL2JpYmxpb2dyYXBoeS9NYXhpbWFsIENvbXBsZXRpb24vS0gxMXJ0YS5wZGZPEQGMAAAAAAGMAAIAAAU/Pz8jMgAAAAAAAAAAAAAAAAAAAAAAAAAAAAAAAAAAQkQAAf////8LS0gxMXJ0YS5wZGYAAAAAAAAAAAAAAAAAAAAAAAAAAAAAAAAAAAAAAAAAAAAAAAAAAAAAAAAAAAAAAAAAAAAA/////wAAAAAAAAAAAAAAAAACAAQAAAogY3UAAAAAAAAAAAAAAAAAEk1heGltYWwgQ29tcGxldGlvbgACAEovOlVzZXJzOmFsbTpEcm9wYm94IChQZXJzb25hbCk6YmlibGlvZ3JhcGh5Ok1heGltYWwgQ29tcGxldGlvbjpLSDExcnRhLnBkZgAOABgACwBLAEgAMQAxAHIAdABhAC4AcABkAGYADwAWAAoDmAO1A7wDuQMBA8MDugPFA8EDsQASAEhVc2Vycy9hbG0vRHJvcGJveCAoUGVyc29uYWwpL2JpYmxpb2dyYXBoeS9NYXhpbWFsIENvbXBsZXRpb24vS0gxMXJ0YS5wZGYAEwABLwAAFQACAAr//wAAAAgADQAaACQAawAAAAAAAAIBAAAAAAAAAAUAAAAAAAAAAAAAAAAAAAH7}}

@inproceedings{KS2010ijcar,
	Author = {Konstantin Korovin and Christoph Sticksel},
	Booktitle = {IJCAR 2010. Proceedings},
	Date-Added = {2014-05-28 16:01:41 +0000},
	Date-Modified = {2015-03-02 12:41:49 +0000},
	Pages = {196-202},
	Rating = {0},
	Series = {LNAI},
	Title = {{iProver-Eq: An Instantiation-Based Theorem Prover with Equality}},
	Volume = {6173},
	Year = {2010},
	Bdsk-File-1 = {YnBsaXN0MDDSAQIDBFxyZWxhdGl2ZVBhdGhZYWxpYXNEYXRhXxA9Li4vLi4vRHJvcGJveCAoUGVyc29uYWwpL2JpYmxpb2dyYXBoeS9JbnN0R2VuL0tTMjAxMGlqY2FyLnBkZk8RAX4AAAAAAX4AAgAABT8/PyMyAAAAAAAAAAAAAAAAAAAAAAAAAAAAAAAAAABCRAAB/////w9LUzIwMTBpamNhci5wZGYAAAAAAAAAAAAAAAAAAAAAAAAAAAAAAAAAAAAAAAAAAAAAAAAAAAAAAAAAAAAAAAD/////AAAAAAAAAAAAAAAAAAIABAAACiBjdQAAAAAAAAAAAAAAAAAHSW5zdEdlbgAAAgBDLzpVc2VyczphbG06RHJvcGJveCAoUGVyc29uYWwpOmJpYmxpb2dyYXBoeTpJbnN0R2VuOktTMjAxMGlqY2FyLnBkZgAADgAgAA8ASwBTADIAMAAxADAAaQBqAGMAYQByAC4AcABkAGYADwAWAAoDmAO1A7wDuQMBA8MDugPFA8EDsQASAEFVc2Vycy9hbG0vRHJvcGJveCAoUGVyc29uYWwpL2JpYmxpb2dyYXBoeS9JbnN0R2VuL0tTMjAxMGlqY2FyLnBkZgAAEwABLwAAFQACAAr//wAAAAgADQAaACQAZAAAAAAAAAIBAAAAAAAAAAUAAAAAAAAAAAAAAAAAAAHm}}

@phdthesis{CS2011PhD,
	Author = {Christoph Sticksel},
	Date-Added = {2014-05-28 15:59:19 +0000},
	Date-Modified = {2016-06-06 08:33:22 +0000},
	School = {School of Computer Science, University of Manchester},
	Title = {Efficient Equational Reasoning for the {I}nst-{G}en framework},
	Year = {2011},
	Bdsk-File-1 = {YnBsaXN0MDDSAQIDBFxyZWxhdGl2ZVBhdGhZYWxpYXNEYXRhXxA7Li4vLi4vRHJvcGJveCAoUGVyc29uYWwpL2JpYmxpb2dyYXBoeS9JbnN0R2VuL0NTMjAxMVBoRC5wZGZPEQF2AAAAAAF2AAIAAAU/Pz8jMgAAAAAAAAAAAAAAAAAAAAAAAAAAAAAAAAAAQkQAAf////8NQ1MyMDExUGhELnBkZgAAAAAAAAAAAAAAAAAAAAAAAAAAAAAAAAAAAAAAAAAAAAAAAAAAAAAAAAAAAAAAAAAA/////wAAAAAAAAAAAAAAAAACAAQAAAogY3UAAAAAAAAAAAAAAAAAB0luc3RHZW4AAAIAQS86VXNlcnM6YWxtOkRyb3Bib3ggKFBlcnNvbmFsKTpiaWJsaW9ncmFwaHk6SW5zdEdlbjpDUzIwMTFQaEQucGRmAAAOABwADQBDAFMAMgAwADEAMQBQAGgARAAuAHAAZABmAA8AFgAKA5gDtQO8A7kDAQPDA7oDxQPBA7EAEgA/VXNlcnMvYWxtL0Ryb3Bib3ggKFBlcnNvbmFsKS9iaWJsaW9ncmFwaHkvSW5zdEdlbi9DUzIwMTFQaEQucGRmAAATAAEvAAAVAAIACv//AAAACAANABoAJABiAAAAAAAAAgEAAAAAAAAABQAAAAAAAAAAAAAAAAAAAdw=}}

@inproceedings{GK2003,
	Author = {Harald Ganzinger and Konstantin Korovin},
	Booktitle = {18th LICS 2003. Proceedings},
	Date-Added = {2014-05-28 15:47:54 +0000},
	Date-Modified = {2014-06-28 09:20:31 +0000},
	Organization = {IEEE},
	Pages = {55-64},
	Title = {{N}ew {D}irections in {I}nstantiation-{B}ased {T}heorem {P}roving},
	Year = {2003},
	Bdsk-File-1 = {YnBsaXN0MDDSAQIDBFxyZWxhdGl2ZVBhdGhZYWxpYXNEYXRhXxBGLi4vLi4vRHJvcGJveCAoUGVyc29uYWwpL2JpYmxpb2dyYXBoeS9JbnN0R2VuL2luc3RhbnRpYXRpb25fbGljczAzLnBkZk8RAaAAAAAAAaAAAgAABT8/PyMyAAAAAAAAAAAAAAAAAAAAAAAAAAAAAAAAAABCRAAB/////xhpbnN0YW50aWF0aW9uX2xpY3MwMy5wZGYAAAAAAAAAAAAAAAAAAAAAAAAAAAAAAAAAAAAAAAAAAAAAAAAAAAD/////AAAAAAAAAAAAAAAAAAIABAAACiBjdQAAAAAAAAAAAAAAAAAHSW5zdEdlbgAAAgBMLzpVc2VyczphbG06RHJvcGJveCAoUGVyc29uYWwpOmJpYmxpb2dyYXBoeTpJbnN0R2VuOmluc3RhbnRpYXRpb25fbGljczAzLnBkZgAOADIAGABpAG4AcwB0AGEAbgB0AGkAYQB0AGkAbwBuAF8AbABpAGMAcwAwADMALgBwAGQAZgAPABYACgOYA7UDvAO5AwEDwwO6A8UDwQOxABIASlVzZXJzL2FsbS9Ecm9wYm94IChQZXJzb25hbCkvYmlibGlvZ3JhcGh5L0luc3RHZW4vaW5zdGFudGlhdGlvbl9saWNzMDMucGRmABMAAS8AABUAAgAK//8AAAAIAA0AGgAkAG0AAAAAAAACAQAAAAAAAAAFAAAAAAAAAAAAAAAAAAACEQ==}}

@book{HR2004,
	Abstract = {Recent years have seen the development of powerful tools for verifying hardware and software systems, as companies worldwide realise the need for improved means of validating their products. There is increasing demand for training in basic methods in formal reasoning so that students can gain proficiency in logic-based verification methods. The second edition of this successful textbook addresses both those requirements, by continuing to provide a clear introduction to formal reasoning which is both relevant to the needs of modern computer science and rigorous enough for practical application. Improvements to the first edition have been made throughout, with extra and expanded sections on SAT solvers, existential/universal second-order logic, micro-models, programming by contract and total correctness. The coverage of model-checking has been substantially updated. Further exercises have been added. Internet support for the book includes worked solutions for all exercises for teachers, and model solutions to some exercises for students.},
	Author = {Huth, Michael and Ryan, Mark},
	Date-Modified = {2016-06-06 06:57:07 +0000},
	Isbn = {9780521543101},
	Keywords = {logic},
	Publisher = {Cambridge University Press},
	Title = {Logic in Computer Science: Modelling and Reasoning about Systems},
	Year = {2004}}

@incollection{NHRV2001ote,
	Author = {Nieuwenhuis, Robert and Hillenbrand, Thomas and Riazanov, Alexandre and Voronkov, Andrei},
	Booktitle = {Automated Reasoning},
	Date-Added = {2016-01-15 13:57:20 +0000},
	Date-Modified = {2016-01-15 14:00:11 +0000},
	Doi = {10.1007/3-540-45744-5_19},
	Editor = {Gor{\'e}, Rajeev and Leitsch, Alexander and Nipkow, Tobias},
	Isbn = {978-3-540-42254-9},
	Pages = {257-271},
	Publisher = {Springer Berlin Heidelberg},
	Series = {Lecture Notes in Computer Science},
	Title = {On the Evaluation of Indexing Techniques for Theorem Proving},
	Url = {http://dx.doi.org/10.1007/3-540-45744-5_19},
	Volume = {2083},
	Year = {2001},
	Bdsk-Url-1 = {http://dx.doi.org/10.1007/3-540-45744-5_19}}

@incollection{RV2003eir,
	Author = {Riazanov, Alexandre and Voronkov, Andrei},
	Booktitle = {Automated Deduction -- CADE-19},
	Date-Added = {2015-12-03 14:18:31 +0000},
	Date-Modified = {2016-01-14 16:31:10 +0000},
	Doi = {10.1007/978-3-540-45085-6_34},
	Editor = {Baader, Franz},
	Isbn = {978-3-540-40559-7},
	Pages = {380-396},
	Publisher = {Springer Berlin Heidelberg},
	Series = {Lecture Notes in Computer Science},
	Title = {Efficient Instance Retrieval with Standard and Relational Path Indexing},
	Url = {http://dx.doi.org/10.1007/978-3-540-45085-6_34},
	Volume = {2741},
	Year = {2003},
	Bdsk-Url-1 = {http://dx.doi.org/10.1007/978-3-540-45085-6_34}}

@incollection{SRV2001ti,
	Acmid = {778535},
	Address = {Amsterdam, The Netherlands},
	Author = {Sekar, R. and Ramakrishnan, I. V. and Voronkov, Andrei},
	Booktitle = {Handbook of Automated Reasoning},
	Chapter = {Term Indexing},
	Date-Added = {2015-12-03 14:14:01 +0000},
	Date-Modified = {2016-01-14 16:26:54 +0000},
	Editor = {Robinson, Alan and Voronkov, Andrei},
	Isbn = {0-444-50812-0},
	Numpages = {112},
	Pages = {1853--1964},
	Publisher = {Elsevier Science Publishers B. V.},
	Title = {Term Indexing},
	Url = {http://dl.acm.org/citation.cfm?id=778522.778535},
	Year = {2001},
	Bdsk-Url-1 = {http://dl.acm.org/citation.cfm?id=778522.778535}}

@inproceedings{DBLP:conf/cade/SatoW15,
	Author = {Haruhiko Sato and Sarah Winkler},
	Bibsource = {dblp computer science bibliography, http://dblp.org},
	Biburl = {http://dblp2.uni-trier.de/rec/bib/conf/cade/SatoW15},
	Booktitle = {Automated Deduction - {CADE-25} - 25th International Conference on Automated Deduction, Berlin, Germany, August 1-7, 2015, Proceedings},
	Crossref = {DBLP:conf/cade/2015},
	Doi = {10.1007/978-3-319-21401-6_10},
	Pages = {152--162},
	Timestamp = {Fri, 31 Jul 2015 13:18:27 +0200},
	Title = {Encoding Dependency Pair Techniques and Control Strategies for Maximal Completion},
	Url = {http://dx.doi.org/10.1007/978-3-319-21401-6_10},
	Year = {2015},
	Bdsk-File-1 = {YnBsaXN0MDDSAQIDBFxyZWxhdGl2ZVBhdGhZYWxpYXNEYXRhXxBLLi4vLi4vRHJvcGJveCAoUGVyc29uYWwpL2JpYmxpb2dyYXBoeS9NYXhpbWFsIENvbXBsZXRpb24vU1cxNV9tYXhjb21wZHAucGRmTxEBqgAAAAABqgACAAAFPz8/IzIAAAAAAAAAAAAAAAAAAAAAAAAAAAAAAAAAAEJEAAH/////ElNXMTVfbWF4Y29tcGRwLnBkZgAAAAAAAAAAAAAAAAAAAAAAAAAAAAAAAAAAAAAAAAAAAAAAAAAAAAAAAAAAAP////8AAAAAAAAAAAAAAAAAAgAEAAAKIGN1AAAAAAAAAAAAAAAAABJNYXhpbWFsIENvbXBsZXRpb24AAgBRLzpVc2VyczphbG06RHJvcGJveCAoUGVyc29uYWwpOmJpYmxpb2dyYXBoeTpNYXhpbWFsIENvbXBsZXRpb246U1cxNV9tYXhjb21wZHAucGRmAAAOACYAEgBTAFcAMQA1AF8AbQBhAHgAYwBvAG0AcABkAHAALgBwAGQAZgAPABYACgOYA7UDvAO5AwEDwwO6A8UDwQOxABIAT1VzZXJzL2FsbS9Ecm9wYm94IChQZXJzb25hbCkvYmlibGlvZ3JhcGh5L01heGltYWwgQ29tcGxldGlvbi9TVzE1X21heGNvbXBkcC5wZGYAABMAAS8AABUAAgAK//8AAAAIAA0AGgAkAHIAAAAAAAACAQAAAAAAAAAFAAAAAAAAAAAAAAAAAAACIA==},
	Bdsk-Url-1 = {http://dx.doi.org/10.1007/978-3-319-21401-6_10}}

@proceedings{DBLP:conf/cade/2015,
	Bibsource = {dblp computer science bibliography, http://dblp.org},
	Biburl = {http://dblp2.uni-trier.de/rec/bib/conf/cade/2015},
	Doi = {10.1007/978-3-319-21401-6},
	Editor = {Amy P. Felty and Aart Middeldorp},
	Isbn = {978-3-319-21400-9},
	Publisher = {Springer},
	Series = {Lecture Notes in Computer Science},
	Timestamp = {Fri, 31 Jul 2015 13:15:07 +0200},
	Title = {Automated Deduction - {CADE-25} - 25th International Conference on Automated Deduction, Berlin, Germany, August 1-7, 2015, Proceedings},
	Url = {http://dx.doi.org/10.1007/978-3-319-21401-6},
	Volume = {9195},
	Year = {2015},
	Bdsk-File-1 = {YnBsaXN0MDDSAQIDBFxyZWxhdGl2ZVBhdGhZYWxpYXNEYXRhXxBMLi4vLi4vRHJvcGJveCAoUGVyc29uYWwpL2JpYmxpb2dyYXBoeS9DQURFL0F1dG9tYXRlZCBEZWR1Y3Rpb24gLSBDQURFLTI1LnBkZk8RAboAAAAAAboAAgAABT8/PyMyAAAAAAAAAAAAAAAAAAAAAAAAAAAAAAAAAABCRAAB/////x9BdXRvbWF0ZWQgRGVkdWN0aW8jRkZGRkZGRkYucGRmAAAAAAAAAAAAAAAAAAAAAAAAAAAAAAAAAAAAAAAAAAD/////AAAAAAAAAAAAAAAAAAIABAAACiBjdQAAAAAAAAAAAAAAAAAEQ0FERQACAFIvOlVzZXJzOmFsbTpEcm9wYm94IChQZXJzb25hbCk6YmlibGlvZ3JhcGh5OkNBREU6QXV0b21hdGVkIERlZHVjdGlvbiAtIENBREUtMjUucGRmAA4ARAAhAEEAdQB0AG8AbQBhAHQAZQBkACAARABlAGQAdQBjAHQAaQBvAG4AIAAtACAAQwBBAEQARQAtADIANQAuAHAAZABmAA8AFgAKA5gDtQO8A7kDAQPDA7oDxQPBA7EAEgBQVXNlcnMvYWxtL0Ryb3Bib3ggKFBlcnNvbmFsKS9iaWJsaW9ncmFwaHkvQ0FERS9BdXRvbWF0ZWQgRGVkdWN0aW9uIC0gQ0FERS0yNS5wZGYAEwABLwAAFQACAAr//wAAAAgADQAaACQAcwAAAAAAAAIBAAAAAAAAAAUAAAAAAAAAAAAAAAAAAAIx},
	Bdsk-Url-1 = {http://dx.doi.org/10.1007/978-3-319-21401-6}}

@misc{BarFT-SMTLIB,
	Author = {Clark Barrett and Pascal Fontaine and Cesare Tinelli},
	Howpublished = {\texttt{www.SMT-LIB.org}},
	Title = {{The Satisfiability Modulo Theories Library (SMT-LIB)}},
	Year = 2016}

@inproceedings{Dutertre:cav2014,
	Author = {Dutertre, Bruno},
	Booktitle = {Computer-Aided Verification (CAV'2014)},
	Editor = {Biere, Armin and Bloem, Roderick},
	Month = {July},
	Pages = {737--744},
	Publisher = {Springer},
	Series = {Lecture Notes in Computer Science},
	Title = {Yices 2.2},
	Volume = 8559,
	Year = 2014,
	Bdsk-File-1 = {YnBsaXN0MDDSAQIDBFxyZWxhdGl2ZVBhdGhZYWxpYXNEYXRhXxA3Li4vLi4vRHJvcGJveCAoUGVyc29uYWwpL2JpYmxpb2dyYXBoeS9TX1QvWWljZXMgMi4yLnBkZk8RAWoAAAAAAWoAAgAABT8/PyMyAAAAAAAAAAAAAAAAAAAAAAAAAAAAAAAAAABCRAAB/////w1ZaWNlcyAyLjIucGRmAAAAAAAAAAAAAAAAAAAAAAAAAAAAAAAAAAAAAAAAAAAAAAAAAAAAAAAAAAAAAAAAAAD/////AAAAAAAAAAAAAAAAAAIABAAACiBjdQAAAAAAAAAAAAAAAAADU19UAAACAD0vOlVzZXJzOmFsbTpEcm9wYm94IChQZXJzb25hbCk6YmlibGlvZ3JhcGh5OlNfVDpZaWNlcyAyLjIucGRmAAAOABwADQBZAGkAYwBlAHMAIAAyAC4AMgAuAHAAZABmAA8AFgAKA5gDtQO8A7kDAQPDA7oDxQPBA7EAEgA7VXNlcnMvYWxtL0Ryb3Bib3ggKFBlcnNvbmFsKS9iaWJsaW9ncmFwaHkvU19UL1lpY2VzIDIuMi5wZGYAABMAAS8AABUAAgAK//8AAAAIAA0AGgAkAF4AAAAAAAACAQAAAAAAAAAFAAAAAAAAAAAAAAAAAAABzA==}}

@article{Lynch2013,
	Abstract = {We consider the problem of checking satisfiability of quantified formulae in First Order Logic with Equality. We propose a new procedure for combining SAT solvers with Superposition Theorem Provers to handle quantified formulae in an efficient and complete way. In our procedure, the input formula is converted into CNF as in traditional first order logic theorem provers. The ground clauses are given to the SAT solver, which runs a DPLL method to build partial models. The partial model is reduced, and then passed to a Superposition procedure, along with justifications of literals. The Superposition procedure then performs an inference rule, which we call Justified Superposition, between the ground literals and the nonground clauses, plus usual Superposition rules with the nonground clauses. Any resulting ground clauses are provided to the DPLL engine. We prove the completeness of our procedure, using a nontrivial modification of the Bachmair and Ganzinger's model generation technique. We have implemented a theorem prover based on this idea by reusing state-of-the-art SAT solver and Superposition Theorem Prover. Our theorem prover inherits the best of both worlds: a SAT solver to handle ground clauses efficiently, and a Superposition theorem prover which uses powerful orderings to handle the nonground clauses. Experimental results are promising, and hereby confirm the viability of our method.},
	Author = {Lynch, Christopher and Ta, Quang-Trung and Tran, Duc-Khanh},
	Date-Modified = {2016-06-06 08:54:20 +0000},
	Doi = {10.1007/s10817-012-9263-4},
	Issn = {1573-0670},
	Journal = {Journal of Automated Reasoning},
	Number = {3},
	Pages = {325--356},
	Title = {{SMELS}: {S}atisfiability {M}odulo {E}quality with {L}azy {S}uperposition},
	Url = {http://dx.doi.org/10.1007/s10817-012-9263-4},
	Volume = {51},
	Year = {2013},
	Bdsk-File-1 = {YnBsaXN0MDDSAQIDBFxyZWxhdGl2ZVBhdGhZYWxpYXNEYXRhXxBiLi4vLi4vRHJvcGJveCAoUGVyc29uYWwpL2JpYmxpb2dyYXBoeS9TX1QvU2F0aXNmaWFiaWxpdHkgd2l0aCBFcXVhbGl0eSB3aXRoIExhenkgU3VwZXJwb3NpdGlvbi5wZGZPEQIUAAAAAAIUAAIAAAU/Pz8jMgAAAAAAAAAAAAAAAAAAAAAAAAAAAAAAAAAAQkQAAf////8fU2F0aXNmaWFiaWxpdHkgd2l0I0ZGRkZGRkZGLnBkZgAAAAAAAAAAAAAAAAAAAAAAAAAAAAAAAAAAAAAAAAAA/////wAAAAAAAAAAAAAAAAACAAQAAAogY3UAAAAAAAAAAAAAAAAAA1NfVAAAAgBoLzpVc2VyczphbG06RHJvcGJveCAoUGVyc29uYWwpOmJpYmxpb2dyYXBoeTpTX1Q6U2F0aXNmaWFiaWxpdHkgd2l0aCBFcXVhbGl0eSB3aXRoIExhenkgU3VwZXJwb3NpdGlvbi5wZGYADgByADgAUwBhAHQAaQBzAGYAaQBhAGIAaQBsAGkAdAB5ACAAdwBpAHQAaAAgAEUAcQB1AGEAbABpAHQAeQAgAHcAaQB0AGgAIABMAGEAegB5ACAAUwB1AHAAZQByAHAAbwBzAGkAdABpAG8AbgAuAHAAZABmAA8AFgAKA5gDtQO8A7kDAQPDA7oDxQPBA7EAEgBmVXNlcnMvYWxtL0Ryb3Bib3ggKFBlcnNvbmFsKS9iaWJsaW9ncmFwaHkvU19UL1NhdGlzZmlhYmlsaXR5IHdpdGggRXF1YWxpdHkgd2l0aCBMYXp5IFN1cGVycG9zaXRpb24ucGRmABMAAS8AABUAAgAK//8AAAAIAA0AGgAkAIkAAAAAAAACAQAAAAAAAAAFAAAAAAAAAAAAAAAAAAACoQ==},
	Bdsk-Url-1 = {http://dx.doi.org/10.1007/s10817-012-9263-4}}
