
@article{DBLP:journals/cacm/Wright12a,
  author    = {Alex Wright},
  title     = {The social life of robots},
  journal   = {Commun. ACM},
  volume    = {55},
  number    = {2},
  year      = {2012},
  pages     = {19-21},
  ee        = {http://doi.acm.org/10.1145/2076450.2076457},
  bibsource = {DBLP, http://dblp.uni-trier.de}
}

@Book{Moser:2016,
  author = 	 {G.~Moser},
  title = 	 {Diskrete Mathematik},
  publisher = 	 {Institut f√ºr Informatik},
  year = 	 {2016},
  note = 	 {Skriptum zur Vorlesung, 5te {A}uflage},
}
